2216 3438
201 182 233 217 X
1090 176 1220 211 Inhalt.

2027 280 2120 310 Seite.

203 324 287 369 Gap.
400 322 491 356 XXI.
518 321 623 364 Quod
649 320 805 365 populus
829 318 1179 364 Hierosolymitanus
1213 319 1303 353 adeo
1329 329 1404 353 non
1431 318 1478 353 sit
1502 319 1700 362 despectus,
1727 317 1894 362 quamvis

594 379 657 402 rex
682 378 809 402 eorum
836 370 929 402 esset
954 369 1079 411 captus
1125 390 1893 401 .................
2054 365 2125 400 673

383 417 493 451 XXII.
518 417 570 450 De
596 418 713 450 morte
738 414 921 449 Eustachii
947 418 982 449 et
1006 414 1232 449 successione
1258 413 1439 448 Guillelmi
1505 438 1892 448 .........
2054 412 2126 447 674

368 465 494 499 ΧΧΙΗ.
522 463 683 506 Qualiter
707 474 771 497 rex
797 461 994 497 Balduinus
1020 462 1064 496 de
1090 461 1243 495 vinculis
1268 461 1354 496 exiit
1407 485 1893 497 ...........
2054 460 2124 494 676

372 511 495 546 XXIV.
523 510 685 553 Qualiter
710 521 831 545 comes
855 510 1057 544 Edessenus
1083 509 1197 543 evasit
1222 509 1266 543 de
1292 519 1434 543 carcere
1454 533 1891 544 ..........
2054 504 2141 542 680“

392 559 497 593 XXV.
523 559 576 593 De
601 557 828 602 expeditione
845 556 1270 601 Hierosolymitanorum,
1295 559 1332 590 et
1356 556 1454 600 quod
1479 566 1543 590 rex
1560 554 1760 590 Balduinus
1775 554 1896 590 denuo

593 605 639 639 sit
664 609 790 650 captus
841 626 1891 640 .......................
2054 602 2123 637 687

370 653 492 688 XXVI.
520 652 711 696 Quomodo
737 653 846 687 Balac
871 663 995 697 regem
1025 651 1166 686 obsedit
1191 655 1227 686 et
1251 662 1335 686 eum
1359 652 1479 686 denuo
1506 651 1545 685 in
1571 650 1770 685 custodiam
1796 648 1897 684 misit
2055 650 2127 684 690

352 701 491 736 XXVII.
519 701 570 735 De
593 700 677 745 Tyri
702 700 890 735 obsidione
915 702 1128 744 praeparata
1175 723 1893 734 ................
2056 697 2127 732 693

331 748 492 784 XXVIII.
519 748 711 791 Quomodo
737 747 852 792 Tyrus
876 758 898 782 a
921 747 1126 791 patriarcha
1150 750 1186 781 et
1211 757 1233 781 a
1258 746 1438 781 Veneticis
1463 746 1614 781 obsessa
1638 746 1685 780 sit
1739 772 1748 780 .
1788 771 1798 780 .
1834 771 1844 780 .
1881 771 1890 780 .
2055 745 2126 779 695

366 796 490 831 XXIX.
517 796 569 830 De
592 796 685 840 Tyro
710 798 746 830 et
770 795 848 830 eius
873 795 1062 830 nobilitate
1120 818 1894 829 .................
2056 791 2127 826 698

385 843 491 878 XXX.
517 843 570 878 De
593 843 677 887 Tyri
702 843 911 887 captivitate
936 842 1086 886 antiqua
1109 844 1145 876 et
1168 853 1189 876 a
1215 842 1348 886 quibus
1371 841 1571 886 antiquitus
1598 841 1666 876 fuit
1691 843 1897 885 expugnata
2058 839 2128 874 705

369 891 492 925 XXXI.
517 891 660 925 Bellum
685 893 720 925 et
745 890 896 925 victoria
919 889 1233 924 Antiochenorum
1258 900 1343 924 cum
1367 889 1494 924 Turcis
1518 892 1554 924 et
1576 888 1622 923 de
1646 891 1764 923 morte
1788 887 1898 922 Balac
2058 887 2124 921 721

353 938 493 974 XXXII.
521 939 572 972 De
597 938 664 978 his,
691 949 784 982 quae
808 938 845 972 in
871 937 1059 972 obsidione
1084 937 1167 982 Tyri
1190 937 1408 980 gerebantur
1461 961 1896 971 ..........
2059 934 2129 969 728

333 985 491 1021 XXXIII.
516 986 568 1020 De
591 986 750 1030 pessima
774 985 1023 1030 inquietudine
1050 984 1344 1019 Ascalonitarum
1364 1007 1894 1019 ............
2058 982 2125 1017 731

336 1033 492 1069 XXXIV.
517 1034 571 1068 De
595 1033 797 1068 redditione
822 1033 923 1067 urbis
947 1032 1075 1077 Tyriae
1124 1055 1895 1067 .................
2059 1029 2128 1064 733

244 1109 257 1123 ,,
354 1081 493 1115 XXXV.
519 1080 753 1124 Privilegium
778 1080 961 1115 Paschalis
986 1091 1101 1124 papae
1127 1104 1894 1115 .................
2059 1077 2128 1112 742

243 1156 258 1171 ‚
333 1128 490 1163 XXXVI.
516 1129 567 1163 De
592 1128 819 1181 portionibus
845 1129 940 1162 circa
964 1128 1099 1172 Tyrum
1125 1127 1328 1162 distributis
1365 1151 1896 1162 ............
2059 1124 2130 1159 745

245 1204 259 1219 ,,
318 1175 491 1210 XXXVII.
516 1176 568 1210 De
593 1176 697 1230 signo
722 1179 810 1211 tunc
833 1179 1029 1220 apparente
1082 1198 1897 1210 .................
2059 1172 2129 1207 746

244 1251 257 1265 „
305 1223 494 1258 XXXVIII.
522 1224 573 1258 De
598 1223 694 1267 regis
718 1234 740 1257 a
765 1223 919 1257 vinculis
943 1222 1157 1258 liberatione
1182 1225 1217 1256 et
1242 1222 1432 1257 obsidione
1456 1221 1557 1256 urbis
1582 1221 1756 1266 Halapiae
1792 1247 1800 1255 .
1839 1247 1847 1255 .
1886 1247 1895 1255 .
2060 1219 2129 1255 749

338 1271 493 1305 XXXIX.
519 1271 572 1305 De
597 1273 814 1314 congregato
840 1270 999 1305 exercitu
1024 1269 1226 1304 Turcorum
1252 1270 1297 1304 ad
1323 1269 1600 1314 dispergendam
1625 1267 1855 1304 obsidionem
1884 1294 1894 1304 .
2060 1267 2130 1302 753

426 1318 497 1353 XL.
524 1318 630 1361 Quod
655 1329 719 1353 rex
744 1318 781 1352 in
807 1318 1066 1362 Hierosolymis
1092 1328 1174 1352 cum
1201 1317 1332 1361 gaudio
1358 1318 1404 1352 sit
1436 1320 1601 1361 receptus
1651 1341 1897 1351 ......
2061 1315 2130 1350 756

407 1365 495 1400 XLI.
524 1366 575 1400 De
598 1365 790 1405 veneticis,
817 1365 878 1410 qui
903 1367 1126 1400 revertentes
1150 1365 1287 1399 insulas
1310 1364 1540 1410 imperatoris
1566 1366 1802 1399 vastaverunt
1841 1389 1850 1398 .
1887 1388 1897 1398 .
2060 1362 2131 1397 758

389 1413 496 1448 XLII.
522 1413 575 1447 De
612 1413 717 1448 malis
754 1424 776 1447 a
801 1412 1028 1457 Borsequino
1066 1412 1280 1457 perpetratis
1317 1416 1353 1447 et
1377 1412 1422 1447 de
1454 1411 1592 1457 proelio
1624 1414 1750 1447 contra
1778 1410 1900 1456 ipsum
2060 1457 2105 1492 76

595 1464 695 1503 gesto
746 1483 1896 1496 .........................
2110 1457 2126 1492 1

374 1507 496 1542 XLIII.
523 1507 657 1551 Quanti
683 1507 722 1542 in
747 1508 808 1542 illo
834 1507 972 1552 proelio
998 1507 1070 1542 sint
1096 1506 1204 1542 occisi
1224 1531 1898 1543 ...............
2061 1505 2129 1540 767

381 1555 500 1589 XLIV.
530 1556 580 1590 De
604 1555 855 1600 redemptione
881 1555 976 1590 filiae
1001 1555 1096 1598 regis
1130 1579 1897 1590 .................
2061 1552 2131 1587 769

399 1602 500 1638 XLV.
528 1603 579 1637 De
605 1603 751 1638 castello
776 1615 798 1638 a
823 1613 907 1646 rege
931 1603 1122 1638 aedificato
1178 1626 1900 1637 ................
2062 1600 2128 1635 771

382 1649 501 1684 XLVI.
528 1651 583 1686 De
606 1651 834 1695 expeditione
859 1650 952 1694 regis
977 1653 1012 1684 et
1038 1650 1176 1694 proelio
1202 1661 1284 1684 cuni
1311 1650 1438 1685 'furcis
1464 1673 1899 1685 ..........
2062 1646 2131 1682 772

367 1697 503 1732 XLVII.
532 1697 636 1741 Quod
662 1698 832 1732 Saraceni
857 1709 920 1742 per
945 1697 1133 1732 columbas
1158 1708 1242 1732 suas
1267 1697 1403 1733 litteras
1427 1697 1680 1732 transmittunt
1747 1722 1757 1731 .
1795 1722 1804 1731 .
1842 1721 1852 1730 .
1887 1721 1897 1731 .
2061 1695 2132 1730 775

351 1745 504 1779 XLVIII.
532 1746 583 1780 De
608 1745 782 1780 varietate
807 1745 1110 1780 consuetudinum
1132 1769 1899 1780 .................
2061 1743 2131 1777 776

381 1792 503 1828 XLIX.
529 1793 582 1826 De
615 1792 764 1827 diversis
790 1793 983 1837 generibus
1020 1793 1219 1827 bestiarum
1245 1796 1280 1827 et
1321 1793 1547 1837 serpentium
1585 1793 1623 1827 in
1661 1795 1758 1827 terra
1798 1792 1900 1826 Sara·
2060 1837 2130 1872 7⁷8

598 1851 772 1875 cenorum
793 1864 1894 1875 ........................

459 1887 498 1923 L.
524 1887 576 1922 De
590 1887 818 1932 expeditione
837 1888 931 1932 regis
948 1887 1283 1932 Hierosolymorum
1301 1891 1426 1922 contra
1446 1898 1569 1932 regem
1587 1887 1898 1922 Damascenorum
2059 1884 2130 1919 784

441 1934 496 1969 LI.
523 1935 576 1969 De
600 1935 788 1970 obsidione
813 1935 914 1970 urbis
939 1935 1150 1979 Raphaniae
1177 1938 1212 1970 et
1237 1935 1281 1970 de
1306 1935 1498 1970 Sabbatico
1525 1933 1676 1970 flumine
1695 1959 1893 1970 .....
2058 1932 2128 1968 793

423 1982 496 2016 LII.
523 1982 575 2016 De
600 1982 671 2017 alio
697 1983 855 2026 quodam
881 1982 1031 2017 flumine
1075 2007 1893 2018 ..................
2058 1980 2126 2015 797

406 2029 497 2063 LIlI.
523 2030 576 2064 De
601 2029 842 2074 adquisitione
867 2030 968 2064 urbis
995 2030 1206 2074 Raphaniae
1267 2055 1893 2065 ..............
2058 2027 2128 2062 798

413 2076 500 2112 LIV.
525 2077 578 2111 De
602 2080 719 2112 morte
744 2077 902 2112 Romani
927 2077 1155 2121 imperatoris
1173 2101 1894 2112 ................
2059 2075 2128 2110 799

431 2124 501 2160 LV.
527 2125 580 2158 De
606 2125 700 2168 regis
725 2125 947 2169 profectione
973 2128 1100 2159 contra
1127 2125 1345 2169 Babylonios
1364 2149 1847 2160 ...........
1895 2141 1905 2150 ·
2057 2122 2130 2157 800

414 2171 501 2207 LVI.
529 2172 580 2206 De
605 2172 718 2207 classe
743 2172 963 2216 Babylonica
981 2196 1894 2207 ....................
2057 2170 2128 2205 803

398 2219 501 2254 LVII.
527 2219 579 2254 De
604 2219 836 2263 navigatione
862 2219 1101 2254 adolescentis
1128 2220 1331 2254 Boamundi
1362 2244 1892 2255 ............
2057 2217 2129 2252 805

382 2266 503 2302 LVIII.
531 2267 582 2301 De
604 2266 773 2311 periculis
798 2267 837 2301 in
862 2267 953 2301 mari
977 2267 1229 2302 evenientibus
1266 2291 1898 2303 ..............
2058 2265 2129 2300 809

415 2313 503 2349 LIX.
528 2314 580 2348 De
604 2314 696 2348 mari
722 2315 852 2358 Magno
890 2339 1802 2350 ....................
1848 2331 1858 2340 ·
1886 2340 1895 2348 .
2058 2312 2124 2347 811

432 2361 502 2396 LX.
527 2361 579 2395 De
604 2361 798 2405 generibus
823 2361 1043 2406 serpentium
1079 2387 1894 2397 ..................
2057 2360 2129 2394 815

414 2408 502 2444 LXI.
531 2409 583 2443 De
608 2409 765 2444 adventu
791 2409 995 2444 Boarnundi
1019 2409 1270 2453 adolescentis,
1306 2409 1370 2444 filii
1395 2410 1496 2444 ducis
1522 2409 1738 2451 Boamundi‚
1764 2412 1800 2443 et
1824 2419 1900 2444 sus-

598 2456 763 2500 ceptione
787 2456 864 2491 eius
888 2457 926 2491 in
952 2455 1145 2491 Antiochia
1172 2483 1372 2492 .....
1419 2474 1427 2482 ·
1459 2482 1894 2492 ..........
2057 2454 2129 2490 819

403 2502 507 2537 LXII.
534 2504 586 2537 De
611 2515 675 2548 pes
658 2503 815 2538 stilentia
838 2503 999 2539 murium
1031 2529 1229 2539 .....
1261 2523 1269 2531 ·
1318 2529 1898 2540 .............
2059 2502 2129 2537 822

208 2573 375 2617 Anhang
418 2599 1898 2611 ...............................
1939 2572 2130 2608 825—838

281 2621 308 2656 I.
332 2621 510 2655 Praefatio
526 2621 694 2655 Willelmi
709 2622 916 2666 Grassegals
942 2622 1064 2656 militis
1081 2622 1127 2656 ad
1145 2622 1321 2656 Historias
1339 2622 1428 2657 Belli
1453 2622 1557 2663 sacri,
1591 2632 1682 2666 quas
1698 2620 1776 2665 regi
1793 2621 1900 2656 Fran-
2135 2661 2142 2666 ,

422 2679 559 2712 coium,
585 2669 769 2704 Ludovico
792 2669 868 2710 VII,
897 2669 1071 2704 offerebat
1124 2693 1896 2704 .................
2058 2667 2128 2703 827

272 2715 316 2750 ΙΙ.
343 2715 408 2749 Die
435 2715 503 2750 den
532 2695 811 2751 Handschritten
836 2717 898 2751 der
935 2716 1091 2751 Historia
1118 2716 1446 2761 Hierosolymitana
1471 2719 1720 2760 vorgesetzten
1747 2715 1901 2750 Inhalts-
2083 2761 2106 2796 Ξ

422 2763 684 2798 verzeichnisse
703 2788 1899 2799 ..........................
2059 2762 2083 2797 8
2108 2762 2129 2796 7

256 2809 318 2843 ΙΙΙ.
342 2808 409 2844 Die
434 2811 625 2855 angeblich
650 2822 720 2845 von
745 2811 898 2846 Fulcher
922 2811 1151 2855 abhangigen
1179 2811 1344 2846 Berichte
1368 2811 1460 2846 iiber
1484 2812 1548 2846 das
1573 2822 1676 2846 sacer
1698 2810 1793 2856 ignis
1841 2837 1850 2846 .
1890 2837 1898 2844 .
2059 2809 2127 2844 831

256 2856 317 2890 IV.
343 2857 409 2891 Die
437 2868 506 2892 von
532 2858 686 2892 Fulcher
710 2859 747 2892 in
774 2859 838 2893 der
861 2858 1020 2893 Historia
1045 2858 1374 2903 Hierosolymitana
1398 2858 1594 2894 benutzten
1620 2857 1852 2894 Bibelstellen
1885 2884 1895 2893 .
2059 2856 2130 2892 837

210 2926 398 2970 Register
416 2953 1898 2964 ................................
1941 2927 2132 2963 839—913

291 2974 317 3008 Ι.
343 2974 695 3018 Bibliographisches
719 2974 885 3018 Register
943 3000 1898 3011 .....................
2060 2974 2129 3010 841

267 3021 310 3055 II.
338 3021 660 3065 Chronologisches
686 3023 851 3065 Register
893 3048 1896 3058 ......................
2058 3021 2131 3057 854

254 3068 315 3103 ΙΙΙ.
342 3068 454 3103 Index
480 3079 602 3103 rerum
627 3073 662 3104 et
687 3069 908 3104 Glossarium
938 3095 1896 3106 .....................
2059 3068 2131 3104 868

209 3138 432 3182 Nachtrage
458 3139 538 3174 und
562 3139 903 3184 Berichtigungen
937 3165 1804 3176 ...................
1830 3124 1848 3176 ’.
1886 3166 1896 3176 .
1929 3139 2130 3175 «914-915
