2216 3438
228 141 298 177 816
420 141 583 175 Fulcheri
611 139 839 175 Carnotensis
865 138 1021 173 Historia
1047 134 1384 182 Hierosolymitana.
1411 157 1457 163 —
1481 135 1559 170 Lib.
1577 135 1637 176 ΙΙΙ,
1663 145 1740 179 cap.
1758 134 1828 176 LX,
1854 135 1887 170 3.
1913 131 1946 166 4.

107 264 213 291 a.1126
234 251 395 294 arduus
428 252 494 292 est
524 252 568 292 et
599 246 852 291 excelsusaff
914 247 1087 290 sibilum
1119 242 1238 288 eius⁸
1269 246 1400 288 etiam
1438 247 1660 299 serpentes
1697 245 2044 299 perhorrescunt.
2094 244 2149 283 ·et

231 336 328 365 cum
371 318 642 376 acceperintb
682 321 846 374 fugam,
890 332 1092 374 quaeque
1134 331 1311 373 quoquo
1357 319 1568 372 possuntc
1617 318 1868 371 properant.
1944 314 2148 370 quicquid
2213 337 2216 370 i

229 407 378 436 morsu
425 394 517 435 eius
562 389 811 442 occiditurd‚
856 405 945 434 non
987 391 1236 445 depascitur
1267 390 1370 440 fera,
1412 402 1501 432 non
1533 390 1736 431 attrectat
1766 387 1870 429 ales,
1931 383 2151 428 mustelis⁹
2207 438 2210 442 Δ

231 468 378 507 tamen
410 464 607 514 vincitur,
642 477 753 518 quas
785 463 974 504 inferunt
995 462 1194 504 homines
1217 461 1426 511 cavernis,
1461 461 1618 514 quibus
1641 459 1887 501 delitescite.
1940 454 2010 512 [3]
2032 457 2151 500 deni-

233 534 340 591 quef
357 536 544 578 basilisci
566 536 769 589 reliquias
793 535 939 589 amplo
962 533 1164 576 sestercio
1187 533 1443 586 Pergameni
1456 529 1490 553 ¹⁰
1511 533 1888 586 comparaverunt,
1921 532 1970 571 ut
1997 529 2149 572 aedem

231 609 422 662 Apellisg
468 621 601 649 manu
654 607 868 659 insignem
918 619 997 647 nec
1054 617 1242 647 araneae
1299 605 1539 646 intexerent
1589 616 1670 645 nec
1722 602 1845 645 alites
1895 601 2151 644 involarent.

232 677 300 733 [4]
334 676 745 734 amphisihaenah¹1
789 678 925 731 surgit
966 678 1010 718 in
1056 679 1188 730 caput
1229 676 1463 730 geminum,
1506 687 1691 730 quorum
1733 673 1973 716 secundum
2013 672 2057 714 in
2099 686 2151 714 ea

231 753 355 805 parte
388 765 476 805 qua
508 751 649 793 cauda
671 752 747 791 est.
803 745 1054 791 cerastesi¹²
1078 747 1328 802 praeferunt
1352 746 1683 801 quadrigemina
1704 745 1934 796 cornicula,
1967 755 2151 799 quorum

350 892 369 911 ἢ
389 887 555 920 eam-lusus
581 897 611 920 n.
640 906 683 910 —
710 884 730 910 b
750 887 923 928 acceperit
949 885 1013 926 δμ.
1046 903 1081 908 -
1112 889 1129 910 c
1147 887 1260 927 potest
1285 894 1317 917 n.
1346 901 1386 906 —
1413 881 1435 908 d
1454 883 1624 917 atteritur
1649 882 1799 925 οΡδμρ.
1834 901 1878 906 -
1910 886 1928 907 Θ
1947 881 2155 915 delitescunt
2194 880 2216 907 -ῑ-

232 935 295 976 δμ.
323 952 365 958 -
395 933 410 958 s
426 935 553 967 deinde
578 944 609 968 n.
637 953 682 956 —
709 938 728 963 {t
749 934 934 976 Apollinis
960 932 1136 974 ουΡδμρ.
1165 952 1208 956 -
1234 930 1256 956 11
1277 930 1421 974 amphis
1445 931 1530 964 bene
1553 941 1585 964 n.
1612 950 1656 956 —
1683 928 1693 956 ¹
1714 933 1848 964 ceraste
1872 939 1904 964 υ.

234 1104 367 1130 verum
396 1090 511 1129 etiam
532 1077 704 1137 adflatos,
735 1089 859 1128 exurit
887 1089 1041 1135 herbas,
1072 1087 1214 1139 rumpit
1244 1101 1348 1135 saxa,
1379 1086 1464 1127 talis
1495 1086 1550 1126 vis
1579 1087 1682 1126 malo
1710 1089 1803 1128 est.“
1840 1110 1886 1115 —
1919 1092 1938 1128 7
1967 1089 2155 1129 arduus

235 1156 311 1189 est
351 1155 401 1189 et
448 1150 708 1188 excelsus.
766 1148 914 1188 Plinius
935 1149 1028 1191 V111,
1059 1149 1128 1187 33:
1182 1161 1276 1194 „nec
1322 1148 1423 1186 flexu
1471 1146 1667 1198 multiplici
1714 1153 1756 1187 ut
1802 1147 1970 1199 reliquae
2016 1161 2155 1200 corpus

234 1209 404 1261 impellit,
434 1211 502 1248 sed
531 1210 655 1248 celsus
684 1214 721 1248 et
749 1213 899 1247 erectus
927 1208 967 1247 in
997 1207 1124 1247 medio
1153 1208 1375 1248 incedens“.
1425 1206 1566 1246 Hierzu
1586 1207 1761 1246 hemerkt
1781 1207 1995 1248 Salmasius
2015 1209 2156 1249 2630:

238 1283 393 1317 „verum
424 1269 455 1308 si
485 1268 720 1319 semipedem
750 1273 900 1307 tantum
931 1267 1181 1318 longitudinis
1210 1267 1327 1306 habet
1355 1272 1391 1305 et
1420 1266 1547 1306 media
1574 1271 1682 1318 parte
1702 1267 1832 1318 serpit,
1861 1267 1988 1308 media
2007 1273 2156 1308 erectus

233 1329 444 1379 ingreditur
486 1329 580 1375 solo,
624 1341 702 1367 non
746 1328 910 1366 multum
949 1332 1074 1378 potest
1114 1327 1258 1366 arduus
1294 1332 1330 1365 et
1368 1327 1542 1365 excelsus
1571 1339 1668 1374 esse,
1707 1326 1770 1377 qui
1800 1331 1976 1378 quartam
2005 1333 2156 1368 tantum

235 1389 340 1440 pedis
370 1393 529 1439 partem,
574 1387 610 1426 id
646 1393 715 1435 est,
751 1387 800 1426 1v
829 1387 966 1437 digitos
1008 1387 1192 1426 incedens
1234 1386 1334 1425 altus
1369 1386 1454 1425 sit“.
1525 1386 1736 1425 lmmcrhin
1765 1386 1923 1426 konnen
1953 1388 2051 1427 auch
2081 1401 2156 1428 von

234 1448 359 1487 einem
380 1449 545 1497 derartig
565 1447 717 1486 kleinen
739 1447 850 1485 Tiere
878 1447 982 1485 diese
1002 1446 1229 1485 Ausdriicke
1257 1446 1360 1484 wohl
1389 1445 1601 1496 gebraucht
1629 1447 1797 1486 werden.
1832 1469 1876 1475 —
1906 1450 1930 1486 8
1959 1447 2157 1487 sibilum

235 1508 364 1547 eius:
409 1508 491 1546 sein
522 1507 686 1546 Zischen
729 1507 873 1558 verJagt
916 1507 989 1545 alle
1030 1506 1265 1556 Schlangen.
1298 1527 1344 1532 -
1376 1509 1400 1544 9
1429 1505 1652 1553 mustela,
1695 1506 1765 1545 das
1795 1505 1950 1546 Wiesel.
2007 1507 2155 1547 Plinius

237 1568 330 1615 VIll,
360 1569 429 1607 33:
464 1572 602 1617 „atque
629 1565 720 1606 huic
750 1566 813 1605 tali
842 1571 1019 1605 monstro
1047 1565 1302 1605 mustelarum
1343 1564 1446 1603 virus
1475 1564 1590 1604 exitio
1619 1570 1691 1605 est:
1730 1566 1826 1605 adeo
1862 1571 2024 1606 naturae
2060 1566 2154 1606 nibil

235 1627 375 1679 placuit
417 1640 503 1666 esse
544 1626 628 1665 sine
671 1626 763 1677 pari.
820 1625 1056 1664 interficiunt
1097 1638 1163 1664 eas
1203 1625 1377 1664 cavernis
1419 1625 1526 1664 facile
1569 1624 1730 1675 cognitis
1771 1625 1842 1664 soli
1875 1626 2002 1678 tabe“‚
2044 1639 2153 1666 wozu

235 1687 447 1726 Salmasius
474 1687 595 1725 263ss
639 1686 829 1725 hemerkt:
877 1699 968 1736 „per
1009 1685 1085 1724 vim
1127 1684 1267 1724 scilicet
1309 1698 1375 1723 eas
1419 1684 1623 1724 infulciunt
1668 1685 1813 1724 intrare
1858 1685 2073 1726 nolentes“.
2106 1708 2152 1714 —-

235 1750 279 1785 10
307 1749 393 1793 §32
424 1748 499 1785 Die
528 1747 783 1796 Perqamener
816 1747 935 1784 haben
973 1747 1175 1784 seinerzeit
1211 1747 1274 1783 die
1311 1736 1556 1783 Uber-bleibsel
1591 1746 1658 1783 des
1685 1745 1908 1784 Basiliskus
1934 1746 2023 1793 sehr
2049 1751 2156 1786 teuer

235 1809 454 1845 erstanden.
488 1827 533 1833 ——
566 1797 873 1856 Pergameni,
914 1805 976 1843 die
1014 1805 1232 1843 Bewohner
1270 1804 1338 1842 der
1381 1804 1481 1842 alten
1524 1802 1744 1854 mysischen
1781 1803 1893 1843 Stadt
1923 1804 2154 1856 Pergamon,

236 1867 302 1904 (les
345 1865 585 1916 ehemaligen
625 1865 856 1903 beriihmten
894 1864 1014 1903 Sitzes
1047 1865 1115 1903 der
1152 1863 1380 1903 attalischen
1409 1863 1557 1913 Konige
1592 1863 1643 1902 im
1673 1864 1710 1902 3.
1741 1864 1821 1902 und
1850 1864 1886 1904 2.
1907 1864 1968 1904 Jh.
1998 1878 2033 1905 v.
2062 1865 2154 1905 Chr.

236 1927 277 1964 In
308 1926 434 1964 einem
463 1925 657 1975 Tempel
700 1925 824 1964 dieser
853 1924 963 1963 Stadt
991 1937 1072 1963 war
1100 1924 1290 1962 demnach
1321 1923 1382 1962 ein
1413 1923 1496 1961 Bild
1532 1924 1599 1961 des
1626 1923 1795 1973 Apelles,
1826 1923 1938 1974 jenes
1974 1924 2154 1964 beriihm-
2188 1959 2190 1962 ,

236 1990 359 2024 testen
402 1985 494 2024 aller
521 1984 785 2034 griechischen
816 1984 947 2031 Maler,
989 1985 1056 2022 der
1094 1996 1161 2022 zur
1190 1982 1272 2021 Zeit
1300 1983 1540 2022 Alexanders
1569 1983 1606 2022 d.
1635 1982 1701 2022 Gr.
1739 1982 1851 2023 lebte.
1907 1983 1985 2022 Zur
2021 1983 2156 2024 Lesart

236 2044 515 2095 Apollinis
561 2044 734 2083 bemerkt
771 2043 984 2082 Salmasius
1023 2045 1100 2082 ⁶263
1118 2043 1168 2082 G:
1216 2042 1510 2092 „gravissimum
1555 2041 1619 2080 hic
1660 2043 1848 2082 mendum
1889 2043 1928 2082 in
1972 2043 2154 2083 omnibus
2188 2038 2201 2070 ὲ

237 2104 467 2144 editionibus
496 2103 620 2143 haesit
648 2109 684 2142 et
713 2103 874 2154 scriptis.
914 2117 1048 2142 verum
1069 2107 1138 2150 est,
1169 2103 1271 2152 quod
1292 2103 1329 2141 in
1352 2115 1419 2141 ora
1438 2103 1682 2152 quorundam
1711 2102 1887 2141 codicum
1907 2103 2152 2144 adscribitur:
2194 2154 2198 2155 ⁷

237 2163 419 2214 Apellis
449 2176 587 2202 manu
617 2163 861 2213 insignem.
919 2168 1034 2212 atque
1069 2162 1119 2201 ita
1154 2176 1199 2201 ex
1230 2161 1451 2201 coniectura
1478 2161 1553 2200 iam
1585 2161 1675 2200 olim
1704 2174 1965 2213 reposueram.
2021 2163 2062 2202 in
2091 2163 2154 2203 illo
2184 2167 2198 2214 j

238 2223 379 2274 templo
418 2224 744 2273 Pergamenorum
784 2222 911 2272 aliqua
946 2222 1075 2261 tabula
1117 2227 1198 2261 erat
1226 2221 1371 2272 Apellis
1414 2234 1533 2260 manu
1572 2220 1671 2271 picta
1709 2226 1746 2260 et
1781 2234 1924 2272 magno
1961 2222 2155 2274 impendio

238 2288 379 2334 empta,
409 2296 524 2333 quam
554 2288 596 2321 ut
626 2295 674 2321 ne
703 2295 867 2321 araneae
895 2282 1111 2321 intexerent
1145 2287 1210 2320 aut
1238 2295 1327 2320 aves
1356 2280 1526 2332 proluvie
1554 2281 1698 2320 ventris
1727 2286 2031 2332 corrumperent,
2059 2283 2156 2334 pelle

238 2342 403 2382 basilisci
449 2342 486 2380 in
536 2343 630 2381 aede
677 2355 867 2392 suspensa
917 2341 1136 2388 effecerunt,
1185 2340 1249 2390 qui
1295 2341 1528 2391 fugabantur
1560 2353 1663 2380 aves
1709 2345 1746 2379 et
1783 2354 1960 2381 araneae.
2016 2355 2154 2382 manu

238 2402 415 2452 Apellis
458 2415 526 2452 pro
568 2401 714 2452 pictura
748 2401 893 2452 Apellis
930 2400 1158 2439 tralaticium
1197 2401 1289 2439 est.“
1339 2422 1392 2426 -—
1438 2401 1590 2447 1134:
1628 2401 1719 2439 Vom
1746 2401 2046 2451 Amphisibaena
2073 2403 2155 2441 und
2176 2403 2181 2405 ’

243 2463 427 2501 Cerastes.
457 2484 509 2488 ——
537 2460 911 2511 Amphisibaena
940 2461 1031 2499 oder
1050 2460 1418 2510 Amphisbaena,
1448 2473 1537 2499 vom
1557 2459 1699 2510 griech.
1729 2464 1953 2510 ἀμφιβαίνω,
1982 2461 2018 2500 d.
2039 2460 2062 2501 i.
2092 2461 2163 2500 ein'

239 2521 340 2569 Tier,
370 2522 438 2560 das
467 2520 548 2559 sich
578 2520 728 2559 sowohl
757 2525 943 2559 vorwarts
971 2520 1028 2558 als
1056 2520 1269 2558 riickwarts
1298 2520 1481 2570 bewegen
1511 2521 1629 2559 kann.
1685 2519 1832 2558 Plinius
1847 2519 1943 2567 vlu,
1972 2521 2035 2568 35,
2065 2521 2152 2560 dem

240 2580 345 2619 Solin
377 2580 515 2630 gefolgt
543 2580 603 2628 ist,
639 2580 858 2618 beschreibt
885 2593 947 2618 es:
983 2579 1203 2629 „geminum
1232 2584 1345 2629 caput
1373 2579 1667 2630 amphibaenae,
1700 2579 1776 2618 hoc
1812 2583 1870 2618 est
1903 2584 1941 2618 et
1977 2593 2000 2619 a
2035 2580 2155 2619 cauda

240 2645 424 2690 tanquam
453 2653 588 2690 parum
619 2644 720 2679 esset
750 2652 827 2678 uno
856 2652 921 2678 ore
949 2638 1056 2677 fundi
1086 2639 1302 2677 venenum“
1341 2638 1477 2688 (gleich
1507 2640 1562 2678 als
1591 2639 1640 2677 ob
1669 2638 1732 2677 ein
1760 2638 1919 2678 Rachen
1947 2651 2036 2678 zum
2064 2639 2154 2679 Gift-

240 2700 420 2750 sprudeln
451 2700 551 2738 noch
581 2713 628 2738 zu
657 2698 784 2749 wenig
813 2698 944 2746 ware).
1001 2697 1110 2736 Auch
1141 2698 1340 2745 Lucanus,
1370 2698 1542 2737 Pharsal.
1564 2698 1612 2736 IX
1632 2711 1666 2737 v.
1689 2698 1778 2745 719,
1807 2711 1877 2737 aus
1906 2698 1991 2737 dem
2007 2697 2154 2738 Plinius

240 2759 436 2809 geschtipft
469 2759 548 2806 hat,
591 2764 674 2809 sagt
702 2772 778 2797 von
806 2758 905 2796 ihm:
941 2762 1000 2805 „et
1027 2756 1151 2807 gravis
1180 2756 1219 2796 in
1249 2757 1447 2808 geminum
1482 2770 1645 2807 surgens
1680 2762 1794 2807 caput
1821 2756 2175 2808 amphisibaena“.'

241 2819 346 2856 Doch
377 2818 462 2857 eine
490 2818 678 2869 derartige
707 2818 899 2868 Schlange
927 2817 1006 2866 gibt
1035 2829 1075 2855 es
1105 2816 1223 2855 nicht.
1278 2816 1384 2855 Nach
1416 2817 1491 2856 den
1511 2817 1690 2855 Neueren
1718 2817 1785 2867 gilt
1804 2816 1865 2855 die
1883 2815 2172 2867 Bezeichnung,

240 2877 613 2928 Amphisibaena
647 2878 708 2916 fiir
736 2877 796 2916 die.
824 2875 1188 2927 Ringelscblangen.
1259 2876 1348 2915 Man
1390 2876 1460 2926 vgl.
1500 2877 1666 2915 dariiber
1694 2876 1860 2915 Merrem
1897 2875 2084 2919 inErsch
2115 2889 2153 2916 u.
2208 2869 2209 2875 ἵ

241 2938 391 2975 Gruber
418 2938 465 2975 ad
495 2949 576 2976 voc.
618 2936 954 2987 „ampffisibaena‘
995 2935 1075 2973 und
1109 2934 1253 2973 Leunis
1283 2937 1387 2981 §90.
1434 2958 1487 2962 —
1533 2938 1579 2973 12
1598 2940 1832 2983 =ce1·astes,
1862 2940 2051 2984 κεράστης,
2079 2947 2152 2974 von

241 3002 340 3044 κέρα,
388 2996 448 3034 die
494 2996 868 3044 Hornschlange.
926 2993 1263 3032 VVahrscheinlich
1310 2994 1370 3032 die
1416 2994 1453 3032 in
1495 2987 1668 3045 Agypten
1716 2993 1992 3034 einheimische
2025 2993 2154 3045 vipera

242 3055 409 3094 cerastis.
467 3055 614 3093 Plinius
643 3055 738 3102 VIII,
759 3056 828 3093 35:
875 3058 1062 3102 „cerastes
1091 3066 1250 3103 corpore
1284 3052 1454 3092 eminere
1488 3054 1683 3092 cornicula
1719 3066 1833 3104 saepe
1867 3052 2156 3104 quadrigemina

242 3113 327 3160 (auf
363 3114 486 3152 ihrem
515 3115 663 3164 Korper
700 3115 753 3152 ost
787 3114 866 3152 vier
904 3112 1221 3152 nebeneinander
1249 3113 1448 3160 stehende,
1489 3114 1800 3163 hervorragende
1838 3112 1964 3151 kleine
2000 3112 2155 3151 Horner

241 3173 424 3221 habend)‚
468 3186 631 3222 quorum
674 3178 793 3218 motu,
833 3172 979 3222 reliquo
1018 3185 1178 3222 corpore
1218 3171 1378 3219 occulto,
1419 3172 1622 3211 sollicitant
1651 3173 1698 3210 ad
1738 3185 1780 3210 se
1813 3172 1947 3220 aves&
1989 3185 2019 3210 s.
2049 3171 2147 3210 auch
