2216 3438
255 179 422 217 Fulcheri
446 178 678 216 carnotensis
704 178 861 214 Historia
886 176 1222 221 Hierosolymitana.
1250 193 1292 200 —
1320 175 1398 210 Lib.
1416 174 1443 217 1,
1469 185 1546 220 cap.
1564 173 1691 215 XXIII,
1717 174 1749 208 6.
1778 173 1810 208 7.
1923 172 1991 207 257

70 287 228 334 sunt.¹⁷
288 289 344 332 de
382 290 540 333 nostris
578 290 725 332 autern
756 287 884 342 pauci
914 286 1021 329 laesi
1052 288 1166 328 sunt.
1228 284 1507 327 mulieribus²
1538 283 1583 325 in
1614 282 1808 325 tentoriis
1840 295 1990 325 eorum
2010 289 2119 318 a-1098

71 361 272 412 inventia
303 361 410 403 nihil
442 360 559 403 aliud
589 360 692 402 mali
723 355 814 401 eisb
845 358 999 400 Franci
1031 357 1235 405 fecerunt,
1268 358 1448 410 excepto
1480 355 1600 409 quod
1630 354 1804 397 lanceas
1826 367 1929 396 suas
1951 354 1992 396 in

73 435 246 477 ventres
266 436 441 476 earumc
462 426 776 474 infixeruntd.¹⁸
818 426 888 484 [6]
910 426 1060 472 tunc²⁹
1081 441 1231 471 onmes
1253 440 1360 470 voce
1381 426 1679 469 exsultationis
1701 425 1842 468 Deum
1863 425 1994 468 bene-

72 504 275 548 dixerunt
317 506 362 546 et
405 503 765 558 glorificaverunt,
809 501 882 555 qui
923 500 966 542 in
1006 499 1263 542 necessitate
1304 500 1429 540 tanta
1468 499 1512 539 et
1553 496 1779 551 angustiae
1815 497 1994 551 positos,

73 576 251 619 dextera
290 574 462 630 pietatis
503 586 620 623 suae,
667 574 892 627 sperantes
933 571 976 613 in
1020 584 1066 613 se
1108 571 1165 613 ab
1203 569 1403 612 hostibus
1434 571 1526 610 tam
1557 567 1750 610 trucibus
1783 567 1994 610 liberavit.

73 646 153 690 sed
182 642 251 689 etf
275 645 394 701 ipsos
426 645 632 695 devictos,
665 642 949 686 Christianisg
979 642 1067 684 fere
1098 641 1186 684 iam
1217 639 1410 689 devictiS,
1442 641 1644 694 potenter
1675 638 1888 694 dispersit.
1943 638 1996 680 de

74 713 291 773 quorumh
321 712 637 759 substantia¹²⁰
667 714 904 768 locupletes
934 709 1068 756 factik
1098 713 1155 755 ad
1186 712 1340 754 urbem
1371 710 1554 764 regressi
1587 713 1688 752 sunt
1719 710 1907 752 iucundi.

502 790 549 835 [7]
577 790 669 826 Cum
693 789 762 825 fuit
786 789 873 824 urbs
898 791 1002 834 capta
1014 786 1046 808 ²¹
1073 786 1306 823 venerabilisl
1333 785 1569 827 Antiochena,

503 843 680 879 Undecies
705 846 863 885 centum,
889 842 920 877 si
945 841 1170 877 subtrahism
1195 840 1309 875 inden
1336 839 1392 874 bis
1416 850 1542 880 unum,

503 897 606 932 Tunc
629 900 683 932 tot
708 899 811 932 erant
835 896 923 931 anni
948 895 1096 931 Domini
1122 895 1166 930 de
1191 893 1339 938 Virgine
1363 893 1452 936 nati,

502 950 564 986 Bis
589 949 714 985 novies
739 952 820 985 orto
845 949 998 984 Gemino
1023 949 1090 984 sub
1117 948 1234 983 sidere
1261 944 1484 982 Phoeboo.²¹

197 1081 219 1102 ⁸
236 1075 384 1118 feminis
408 1085 431 1108 1.
459 1092 501 1099 —
527 1072 549 1100 b
567 1073 682 1107 m'chil
704 1073 797 1107 ntuli
819 1084 847 1114 1;
874 1083 946 1107 om.
972 1075 1023 1106 eia
1047 1083 1127 1107 lxs.
1154 1092 1199 1098 —-
1224 1077 1242 1098 0
1261 1082 1333 1106 om.
1360 1083 1486 1106 earum
1511 1083 1533 1106 1.
1562 1091 1605 1096 —
1630 1070 1652 1098 d
1670 1072 1828 1115 feminas
1852 1084 1934 1107 tero
1960 1077 1999 1107 in

77 1124 244 1158 tentoriis
276 1132 399 1156 eor-tam
434 1122 598 1156 inventas
633 1120 726 1166 (add.
755 1120 879 1163 gladio
912 1121 1092 1163 Ροιιβδμ)
1127 1119 1385 1163 interfecerunt
1418 1121 1657 1162 ΑΒΡοΒβδμ.
1696 1139 1741 1144 -
1775 1126 1793 1147 e
1820 1123 2000 1155 anxietate

11 1188 14 1190 v
78 1170 367 1213 Αευῑιοιιβδμ.
395 1187 437 1193 -
466 1167 482 1195 f
501 1168 601 1203 deest
626 1179 659 1202 x.
691 1187 724 1192 —
755 1173 776 1200 8
795 1178 818 1201 a
844 1168 1055 1202 christianis
1079 1178 1170 1201 uns.
1195 1186 1243 1191 --
1268 1165 1290 1193 h
1309 1167 1534 1202 liberaverat.
1585 1169 1645 1201 sed
1673 1172 1704 1201 et
1729 1169 1821 1212 ipsis
1844 1169 1999 1210 devictis,

20 2638 44 2730 ξ

78 1217 364 1262 triumphator&
386 1217 472 1251 inde
495 1216 587 1259 facti
607 1215 871 1259 ylmiobantur.
922 1216 966 1249 de
990 1225 1144 1259 quorum
1171 1217 1278 1248 etiam
1309 1216 1558 1257 Annon-Boiu
1595 1215 1809 1250 liberaverat
1840 1217 1937 1250 unde
1969 1221 2003 1250 et

78 1267 174 1310 ipsis
188 1265 334 1300 deviatis
350 1263 633 1308 triumphatores
646 1263 902 1307 yloriobantur
917 1263 961 1297 de
979 1273 1068 1306 quor
1069 1273 1130 1297 um
1147 1273 1169 1296 1.
1195 1281 1242 1286 —-
1266 1261 1278 1288 ί
1304 1273 1405 1306 super
1408 1263 1473 1296 hia
1491 1273 1513 1297 1.
1542 1282 1582 1288 -
1602 1262 1625 1288 k
1646 1264 1759 1306 effecti
1774 1265 1999 1321 ΑΒΡΙΒβδμ.

83 1332 125 1339 -
153 1311 166 1339 1
190 1317 264 1347 tam
287 1311 420 1347 nobilis
443 1311 702 1354 Anrlonssbu.
731 1330 770 1336 ——
799 1315 832 1336 11²
857 1310 1038 1352 subtrans,
1065 1320 1138 1344 om.
1155 1311 1190 1343 εἰ
1212 1320 1247 1344 R.
1285 1329 1324 1335 -
1359 1315 1381 1336 1¹
1400 1311 1496 1344 unde
1522 1311 1553 1352 β.
1589 1329 1634 1334 -
1668 1316 1687 1337 0
1705 1311 1759 1345 bis
1783 1313 1902 1345 novies
1926 1317 2002 1346 orto

85 1361 232 1396 Gemini
262 1359 328 1394 sub
352 1359 468 1394 sidere
492 1358 638 1399 Phoebo,
673 1359 738 1392 sub
766 1358 928 1392 Geminis
952 1357 1113 1392 Phoebus
1137 1368 1216 1391 cum
1247 1357 1301 1391 bia
1325 1360 1446 1392 novies
1469 1359 1544 1400 fuit
1569 1362 1670 1392 ortus
1694 1369 1723 1400 13
1748 1359 1813 1392 sub
1841 1359 2003 1393 Geminis

85 1406 304 1497 [υἰνρίπίἔδο]
322 1406 482 1441 Phoebus
506 1417 585 1440 cum
610 1384 664 1439 bi‘s
688 1407 808 1440 novies
831 1406 906 1448 fuit
930 1410 1043 1448 ortus,
1067 1415 1139 1440 om.
1166 1405 1220 1439 bis
1243 1406 1363 1439 novies
1387 1409 1465 1439 orto
1485 1406 1635 1439 Gemino
1651 1406 1716 1440 sub
1734 1407 1850 1440 sidere
1873 1407 2002 1441 Phoebo

80 1464 219 1490 Aaron
288 1464 323 1497 μ.

85 1603 193 1644 wohl
221 1603 261 1643 in
289 1603 358 1642 der
386 1601 548 1642 zweiten
576 1601 792 1641 Redaktion
821 1601 1096 1652 weggelassen,
1126 1600 1210 1639 weil
1239 1613 1280 1639 er
1307 1600 1389 1639 ihm
1417 1614 1464 1640 zu
1493 1601 1746 1653 nichtsagend
1775 1603 2003 1643 erschienen

87 1662 171 1704 sein
199 1661 336 1702 dorne.
384 1661 441 1700 Zu
470 1661 545 1700 den
564 1660 727 1700 Worten
757 1662 825 1700 der
853 1665 982 1700 ersten
1002 1659 1217 1699 Redaktion
1247 1659 1356 1710 quia
1384 1659 1558 1700 cotidie
1578 1674 1670 1700 non
1691 1674 1738 1700 se
1758 1662 2004 1702 ulciscitur

85 1721 262 1763 hemerkt
288 1721 409 1761 Barth
437 1721 536 1760 315:
571 1733 672 1767 „non
703 1720 873 1771 indulget
902 1719 981 1758 irae
1009 1732 1076 1770 per
1104 1723 1226 1758 totam
1254 1718 1368 1758 diem.
1424 1718 1464 1758 in
1498 1719 1763 1771 manuscripto
1798 1721 1894 1760 nihil
1921 1735 2003 1761 mu-

86 1786 211 1822 tatum
248 1785 320 1828 est,
356 1778 490 1819 malim
529 1784 660 1818 tamen
699 1779 842 1830 legere:
881 1784 978 1818 tota
1006 1778 1099 1826 die,
1128 1778 1151 1817 i.
1173 1791 1205 1818 e.
1237 1779 1434 1826 continuo,
1463 1783 1500 1818 et
1530 1780 1745 1819 secundum
1775 1782 2004 1832 scripturam

85 1838 375 1882 convenientior
402 1844 460 1879 est
487 1839 520 1878 is
548 1840 726 1878 sensus“.
758 1860 804 1866 -
835 1842 876 1879 17
904 1838 976 1889 vgl.
1007 1838 1132 1878 Raim.
1162 1838 1298 1877 261F:
1342 1838 1475 1889 „pauci
1503 1838 1643 1878 milites
1671 1840 1719 1878 de
1746 1839 1925 1879 hostibus
1953 1839 2004 1879 ibi

85 1899 318 1947 oeciderunt,
347 1898 415 1938 sed
443 1898 491 1937 de
519 1897 710 1949 peditibus
739 1911 874 1937 eorum
904 1897 967 1937 vix
994 1897 1131 1948 aliquis
1159 1896 1317 1937 evasit“.
1349 1918 1396 1924 —-
1426 1900 1471 1937 18
1501 1897 1613 1937 Diese
1639 1897 1803 1950 Angabe
1835 1913 1910 1938 von
1939 1900 2007 1940 der

85 1958 380 2009 Ermordung
416 1958 495 1997 der
523 1957 707 1997 Frauen
746 1957 831 1996 liest
866 1971 958 1996 man
997 1970 1072 1996 nur
1111 1956 1172 1996 bei
1199 1957 1364 1995 Fulcher
1401 1957 1482 1996 und
1517 1957 1578 1996 bei
1606 1957 1692 1999 Alb.
1725 1958 1787 2006 IV,
1817 1960 1881 1998 56.
1938 1959 2007 2000 Die

87 2017 314 2068 Weiterung
349 2017 417 2056 der
444 2016 658 2056 Nachricht
695 2016 735 2055 in
773 2017 840 2055 der
876 2016 1038 2056 zweiten
1068 2015 1283 2056 Redaktion
1315 2016 1382 2055 hat
1411 2016 1574 2056 Fulcher
1603 2018 1706 2057 wohl
1736 2017 1895 2057 deshalb
1924 2031 2006 2058 vor·

85 2089 334 2131 genommen,
361 2089 430 2116 um
458 2077 528 2116 das
555 2089 760 2127 grausame
790 2075 1000 2115 Versahren
1030 2076 1098 2115 der
1116 2075 1372 2115 Kreuzfahrer
1399 2076 1508 2116 desto
1536 2077 1648 2116 mehr
1676 2077 2005 2118 hervorzuheben.

86 2136 221 2176 Albert
259 2135 436 2175 erwahnt
477 2135 592 2184 noch,
634 2135 711 2175 dass
753 2134 814 2174 die
856 2134 970 2174 einen
1010 2139 1165 2186 gestitet,
1207 2135 1351 2174 andere
1389 2148 1465 2174 von
1503 2137 1578 2175 den
1615 2136 1781 2176 Pferden
1818 2133 2025 2177 zertreten‘

87 2196 247 2236 worden
283 2194 402 2235 seien.
458 2194 608 2234 Bartolf
631 2196 710 2234 505
747 2195 814 2234 hat
852 2194 912 2234 die
938 2194 1149 2234 Nachricht
1186 2194 1282 2234 iiber
1318 2193 1379 2234 die
1408 2196 1699 2248 Frauent‘o'tung
1733 2197 2005 2248 weggelassen.

86 2254 152 2295 W.
171 2268 206 2295 v.
227 2254 317 2306 Tyr.
335 2254 399 2302 vl,
428 2255 479 2293 22
517 2254 631 2293 sucht
668 2253 729 2294 die
757 2253 972 2293 Seliandtat
1009 2254 1074 2293 der
1103 2253 1361 2294 Kreuzfahrer
1388 2267 1435 2293 zu
1463 2255 1679 2295 verdecken
1710 2257 1790 2295 und
1819 2257 2005 2296 schreibt:

92 2313 271 2363 ,ancillas
299 2318 338 2353 et
365 2313 557 2365 parvulos,
596 2326 693 2364 quos
728 2313 916 2364 fugientes
959 2312 1197 2360 dimiserant,
1232 2326 1363 2354 secum
1403 2313 1442 2353 in
1472 2315 1610 2354 urbem
1637 2316 1894 2362 detulerunt“,
1925 2330 2005 2356 was

86 2372 158 2414 mit
183 2373 260 2412 den
288 2372 439 2412 Frauen
468 2371 699 2423 geschehen,
729 2371 982 2424 verschweigt
1009 2385 1063 2412 er.
1112 2372 1228 2412 Siehe
1256 2373 1356 2412 auch
1385 2373 1458 2414 HG
1477 2375 1556 2414 379
1585 2376 1665 2414 und
1694 2375 1822 2421 Prutz,
1853 2376 2005 2415 Kultur-

86 2431 307 2483 geschichte
337 2432 412 2472 135
440 2432 522 2470 und
549 2432 640 2473 530.
669 2453 722 2460 —
750 2434 796 2470 19
823 2432 908 2479 §62
938 2432 1065 2471 Frohe
1092 2433 1297 2472 Re‘a‘ckkehr
1324 2435 1395 2472 der
1419 2434 1604 2473 Franken
1633 2437 1676 2474 in
1703 2437 1767 2474 die
1795 2436 1922 2475 Scadt.
1956 2458 2000 2462 —

87 2490 180 2532 Man
206 2490 282 2543 vgl.
310 2503 357 2530 zu
386 2490 532 2530 diesem
559 2490 832 2542 Paragraphen
861 2490 922 2531 die
950 2491 1075 2531 sicher
1104 2505 1179 2532 von
1209 2492 1372 2531 Fulcher
1400 2493 1645 2544 abhangigen
1676 2493 1811 2533 Worte
1831 2494 1919 2534 Alb.
1942 2495 2006 2542 IV,

89 2550 161 2591 56:
194 2549 278 2598 „alii
306 2562 398 2590 vero
425 2548 489 2600 qui
518 2562 670 2601 pugnae
698 2549 835 2589 intenti
863 2555 974 2590 erant
1003 2581 1012 2590 .
1034 2581 1044 2591 .
1066 2581 1075 2590 .
1097 2582 1106 2590 .
1136 2563 1226 2590 cum
1254 2551 1385 2602 spoliis
1414 2551 1579 2602 copiosis
1599 2558 1636 2592 et
1655 2553 1815 2592 infinitis
1835 2554 1874 2592 in
1895 2554 2007 2594 laude

91 2613 131 2650 et
154 2607 298 2649 laetitia
329 2613 366 2648 et
394 2621 486 2648 voce
513 2609 780 2648 exsultationis
809 2609 1057 2649 Antiochiam
1085 2610 1227 2649 reversi
1256 2615 1360 2657 sunt,
1389 2616 1426 2650 et
1455 2611 1521 2661 qui
1549 2617 1640 2651 ante
1668 2612 1803 2664 inopes
1833 2619 1943 2652 erant
1970 2619 2007 2653 et

83 2666 267 2716 famelici,
296 2680 401 2707 nunc
429 2667 612 2707 omnibus
640 2668 753 2707 bonis
782 2667 907 2708 satiati
935 2669 1066 2710 sunt“.
1114 2669 1278 2708 Fulcher
1302 2669 1443 2720 jedoch
1472 2670 1577 2710 hatte
1606 2684 1673 2710 zur
1703 2671 1863 2723 Vorlage
1892 2673 2008 2712 Gesta

49 2767 63 2772 ,
85 2725 224 2775 XXIX,
245 2729 270 2767 9
298 2727 379 2766 und
397 2726 514 2774 XXX,
538 2728 578 2766 1:
612 2740 706 2774 „nos
735 2732 861 2767 autem
890 2733 1124 2768 revertentes
1153 2729 1201 2767 ad
1230 2728 1421 2768 civitatem
1450 2742 1537 2768 cum
1559 2743 1702 2781 magno
1721 2731 1860 2781 gaudio
1879 2731 2007 2771 lauda-

87 2785 219 2827 simus
257 2791 295 2826 et
330 2785 600 2826 benediximus
628 2786 765 2833 Deum,
803 2786 869 2837 qui
897 2787 1094 2827 victoriam
1124 2786 1227 2827 dedit
1256 2788 1396 2839 populo
1426 2801 1495 2827 suo
1526 2820 1534 2828 .
1558 2820 1566 2828 .
1588 2820 1596 2828 .
1628 2789 1818 2841 peregrini
1847 2790 2007 2831 victores

25 2865 49 2907 ,ᾖ
91 2845 236 2894 reversi
261 2850 354 2884 sunt
382 2845 592 2895 gaudentes
621 2844 717 2885 felici
745 2845 954 2897 triumpho,
984 2845 1140 2886 devictis
1167 2845 1357 2894 hostibus,
1394 2846 1434 2886 in
1464 2846 1693 2888 civitatem“.
1737 2871 1783 2876 —
1823 2852 1871 2888 20
1898 2851 2005 2889 sub·

25 2933 62 3005 ἦ
93 2961 135 3003 in
162 2962 278 3003 Gesta
308 2962 401 3010 VIII,
435 2963 450 3002 1
483 2963 564 3002 und
590 2962 757 3012 XXXIII,
797 2966 818 3003 7
849 2964 1073 3015 gebraucht.
1112 2986 1160 2992 —
1200 2964 1432 3005 iucundus
1462 2966 1486 3005 i.
1506 2979 1540 3005 e.
1570 2966 1824 3015 exhilaratus3
1864 2969 2008 3009 ebenso

94 2903 270 2953 stantia
297 2903 346 2943 ist
373 2903 446 2943 alle
474 2903 707 2955 bewegliche
734 2904 859 2952 Habe,
895 2904 957 2945 die
984 2904 1353 2954 Subsistenzmittel;
1391 2906 1430 2945 in
1459 2906 1625 2957 gleicher
1653 2907 1881 2960 Bedeutung
1908 2910 2006 2950 auch

93 3033 128 3062 c-
146 3021 294 3071 Vn1,2
322 3023 403 3062 und
430 3022 546 3070 oster,
574 3021 682 3063 siehe
710 3023 841 3064 Index.
874 3045 921 3052 —
950 3025 1038 3071 215
1061 3025 1102 3064 7:
1130 3025 1216 3064 Das
1234 3025 1380 3063 Datum
1410 3027 1480 3064 der
1499 3026 1724 3077 Erobemmy
1743 3026 2006 3071 Antioc-hiens.

99 3101 144 3110 -
173 3080 243 3122 Die
270 3081 353 3121 hier
381 3094 457 3120 von
486 3081 650 3121 Fulcher
678 3081 842 3123 beliebte
869 3083 1127 3134 Berechnung
1155 3083 1223 3123 des
1252 3083 1376 3134 Tages
1405 3085 1473 3123 der
1500 3084 1727 3136 Eroberung
1754 3085 2008 3128 Antiochiens

65 3116 206 3181 'cist
240 3139 434 3192 unrichtig
469 3141 538 3180 auf
567 3141 643 3180 den
678 3141 715 3180 4.
744 3141 846 3181 Juni.
903 3141 1059 3182 Wallon
1089 3143 1154 3182 hat
1183 3142 1220 3182 in
1251 3143 1365 3182 Mem.
1396 3144 1443 3182 de
1470 3143 1603 3183 lacad.
1634 3145 1702 3184 des
1730 3145 1845 3185 inser.
1874 3146 2006 3195 XXIV,

97 3196 357 3251 11,p.401ff.
387 3199 694 3251 nachgewiesen,
722 3201 798 3240 dafi
817 3201 982 3241 Fulcher
1010 3201 1071 3241 die
1099 3214 1174 3240 von
1195 3202 1300 3241 Beda
1322 3202 1560 3253 eingefiihrte
1579 3203 2006 3258 Datumsberechnung,

167 3268 456 3303 nngenmeyer.
475 3269 612 3298 Pulcher
629 3277 693 3298 von
712 3269 863 3299 chartres.
1833 3277 1865 3303 17
