2216 3438
250 165 320 199 834
1125 164 1292 210 Anhang.

251 274 406 314 flamma
443 273 629 311 eaeoritur.
695 271 818 311 taliter
863 271 1037 322 qualiter,
1077 271 1249 323 inquam,
1289 272 1503 313 laetificavit
1539 274 1729 315 Dominus
1766 276 1828 316 die
1863 276 1954 316 illo*¹
1979 277 2167 328 populum

250 345 379 379 suum,
412 331 476 382 qui
506 331 588 371 dies
617 344 686 382 pro
714 330 902 371 miraculo
931 337 1010 371 tam
1039 331 1206 382 glorioso
1235 337 1272 372 et
1300 333 1347 372 de
1374 346 1483 373 more
1511 333 1551 373 in
1578 347 1730 374 morem
1758 340 1976 386 permutato
2003 337 2167 377 celeber-

250 392 371 431 rimus
398 396 435 431 et
463 390 700 430 memorialis
728 405 751 430 a
779 390 1028 442 generatione
1057 391 1094 431 in
1123 391 1415 443 generationem
1443 394 1697 444 permanebit.
1753 394 1872 435 Anno
1905 396 1955 435 ab
1989 396 2166 437 incarna-

249 451 353 491 tione
381 450 535 490 Domini
564 451 692 490 MClb.

338 628 378 669 2.
410 626 511 669 Der
542 626 750 669 Bericht
782 626 870 668 des
902 626 1112 670 Bartolf
1138 626 1198 669 de
1230 626 1426 681 Nangis
1456 628 1584 671 tiber
1615 628 1710 671 das
1741 642 1889 677 sacer
1919 630 2069 685 ignis.

246 696 356 738 (Nach
383 697 451 731 den
478 696 584 731 Gesta
602 696 824 731 Francorum
849 695 1136 741 expugnantium
1156 696 1376 732 lherusalem
1394 696 1445 731 im
1462 697 1621 739 Recueil,
1647 697 1738 733 Hist.
1755 698 1868 734 occid.
1886 699 1947 741 ΙΙΙ,
1965 700 2165 736 524—526.

715 744 747 779 S.
775 743 869 779 auch
895 744 989 779 oben
1015 743 1106 779 Einl.
1131 744 1166 779 S.
1185 745 1227 779 71
1255 744 1330 779 und
1355 755 1398 779 zu
1425 744 1473 787 11,
1499 745 1579 780 VIII
1606 756 1628 780 n
1654 746 1701 788 5.)

367 818 417 866 [c.
447 816 597 864 XLV1.]
655 815 722 855 Est
751 815 855 855 enim
893 816 1148 864 consuetudo,
1186 819 1230 855 ut
1265 828 1311 855 ea
1348 815 1408 855 die
1446 815 1633 856 intentius
1662 821 1700 857 et
1726 817 1909 858 obnixius
1937 831 2056 869 quam
2083 819 2166 859 aliis

249 876 385 915 diebus
421 875 629 915 Christiani
662 875 885 915 insistentes
923 875 1166 915 orationibus
1201 875 1249 914 ad
1287 875 1486 915 ecclesiam
1522 877 1755 917 conveniant
1782 882 1821 917 et
1847 877 1980 920 lumen
2007 878 2166 918 caelitus
2213 910 2216 915 .

246 935 461 975 demissum
489 936 574 975 loco
602 940 735 975 sancto
765 934 804 974 in
834 934 960 975 cordis
989 934 1207 975 sinceritate
1235 939 1272 974 et
1300 934 1457 987 spiritus
1485 935 1712 986 humilitate,
1741 941 1786 976 ut
1813 937 1922 977 decet
1950 942 2103 978 tantum
2128 943 2166 979 et
2214 959 2216 961 ·

247 995 504 1035 inenarrabile
532 995 773 1046 mysterium,
802 994 1023 1046 suppliciter
1051 999 1274 1046 exspectent
1302 1008 1346 1034 ac
1374 995 1421 1034 de
1449 1007 1559 1036 more
1587 995 1810 1048 suscipiant.
2211 1043 2213 1045 ¹

369 1055 419 1104 [c.
441 1055 607 1105 XLVII]
656 1055 734 1094 Sed
761 1054 920 1105 contigit
948 1067 994 1095 ea
1021 1054 1094 1102 die,
1123 1053 1287 1106 peccatis
1315 1053 1446 1106 populi
1475 1053 1731 1106 exigentibus,
1761 1055 1799 1096 id
1827 1057 1932 1107 quod
1961 1069 2033 1096 nec
2051 1061 2166 1098 antea
2212 1094 2216 1098 Α

245 1114 451 1166 contigisse
489 1119 749 1154 memoratum
789 1119 847 1154 est
882 1127 953 1154 nec
989 1119 1075 1165 post
1112 1113 1295 1153 accidisse
1332 1113 1465 1162 fertur,
1502 1113 1635 1165 ignem
1662 1114 1803 1156 scilicet
1831 1115 1941 1156 illum
1969 1129 2041 1156 nec
2067 1116 2165 1157 hora

245 1175 317 1214 diei
353 1174 463 1214 tertia
500 1187 572 1214 nec
610 1179 719 1214 sexta
754 1187 825 1214 nec
862 1186 980 1222 nona,
1023 1186 1100 1224 qua
1134 1173 1230 1213 solet
1263 1173 1474 1214 adveniens
1502 1174 1619 1214 corda
1647 1174 1824 1214 omnium
1850 1175 2068 1224 laetificare,
2097 1177 2164 1216 sed

245 1247 316 1274 nec
344 1234 383 1274 in
413 1239 492 1274 tota
522 1234 582 1274 die
609 1233 673 1273 illa
701 1234 758 1273 vel
788 1239 900 1274 nocte
929 1232 1188 1274 sacratissima
1215 1246 1324 1272 more
1352 1233 1464 1273 solito
1493 1233 1708 1274 advenisse.
1749 1235 1855 1275 unde
1883 1240 2014 1276 tantus
2043 1236 2164 1284 dolor,

247 1299 377 1334 tantus
418 1307 584 1341 maeror,
629 1298 761 1333 tantus
802 1293 917 1332 timor
958 1292 1098 1332 invasit
1138 1292 1354 1341 universos,
1397 1298 1568 1344 quantus
1609 1307 1632 1333 a
1665 1293 1884 1346 primaevae
1921 1294 2165 1335 Christianae

245 1353 438 1405 religionis
480 1353 720 1404 temporibus
761 1366 967 1404 nunquam
1008 1351 1209 1400 acciderat,
1250 1353 1348 1392 adeo
1389 1357 1432 1391 ut
1460 1351 1619 1403 quidam
1646 1366 1783 1393 eorum
1812 1354 1958 1394 sercin
1986 1355 2163 1406 despera·
2207 1359 2216 1410 J

246 1413 391 1453 tionem
428 1412 678 1461 coriuissent,
716 1411 874 1463 quidam
912 1417 950 1452 et
986 1413 1032 1452 de
1061 1417 1162 1452 terra
1190 1412 1374 1463 aufugere
1402 1417 1439 1451 et
1467 1413 1506 1452 in
1537 1425 1651 1453 suam
1678 1413 1815 1453 reverti
1844 1414 2009 1465 patriam
2037 1415 2095 1454 vel
2122 1415 2162 1454 in

244 1472 423 1513 exsilium
461 1472 661 1524 proficisci,
702 1477 857 1524 peccata
895 1486 966 1512 sua
999 1472 1229 1512 confitentes
1259 1471 1552 1523 pre-mittebant;
1583 1471 1741 1523 quidam
1769 1472 1890 1513 satius
1917 1473 2017 1514 mori
2045 1488 2162 1525 quam

245 1533 370 1573 vivere
412 1533 609 1584 optabant,
652 1537 896 1583 mortemque
938 1531 1265 1583 imprecabantur,
1308 1537 1351 1571 ut
1394 1532 1453 1572 vel
1493 1531 1549 1571 sic
1588 1537 1741 1572 tantum
1782 1532 1938 1573 finirent
1977 1533 2160 1574 dolorem.
2215 1575 2216 1579 ,

245 1592 418 1643 undique
438 1593 578 1640 luctus,
608 1592 782 1643 undique
799 1592 1002 1642 lacrymae,
1032 1590 1206 1642 undique
1226 1590 1392 1642 gemitus
1411 1596 1449 1632 et
1469 1597 1668 1643 pectorum
1686 1592 1943 1632 creberrimae
1962 1593 2163 1634 tunsiones

243 1658 322 1692 tam
364 1651 465 1692 intra
503 1651 706 1692 ecclesiam
748 1665 867 1702 quam
905 1656 1013 1691 extra
1048 1652 1295 1691 resonabant.
1353 1652 1484 1691 nullus
1525 1656 1606 1692 erat
1634 1652 1742 1692 locus
1771 1651 1856 1692 sine
1883 1643 2049 1700 miseria,
2078 1652 2163 1693 sine

243 1712 433 1763 angustia,
464 1711 547 1751 sine
575 1710 810 1751 lamentabili
847 1710 1007 1751 tristitia.
1048 1710 1145 1750 iram
1175 1711 1316 1763 quippe
1330 1711 1399 1751 Dei
1427 1725 1545 1763 super
1573 1724 1640 1751 eos
1658 1710 1841 1752 cecidisse
1859 1712 2096 1760 metuebant,
2125 1717 2162 1752 et

242 1771 306 1821 qui
335 1771 574 1810 materialem
603 1771 733 1822 ignem
763 1784 841 1810 non
871 1770 1058 1818 mittebat,
1088 1770 1218 1821 ignem
1246 1769 1306 1810 sui
1335 1770 1479 1810 amoris
1508 1776 1664 1823 propter
1694 1776 1848 1823 peccata
1879 1784 1951 1812 sua
1985 1771 2162 1813 amisisse

242 1831 486 1870 verebantur.
544 1835 637 1870 tunc
666 1830 800 1870 Graeci
843 1836 880 1870 et
909 1829 1007 1881 Syrii
1051 1830 1091 1869 in
1133 1829 1408 1870 lamentatione
1445 1836 1742 1882 prorumpentes
1775 1830 1967 1872 flebilibus
2002 1831 2160 1871 vocibus

240 1891 485 1941 Kyrieleison
513 1890 553 1929 in
582 1890 733 1930 excelso
762 1889 977 1930 fundebant
1005 1894 1043 1930 et
1070 1903 1174 1941 genu
1203 1890 1399 1930 flectentes
1428 1895 1583 1941 pectora
1605 1890 1752 1930 crebris
1780 1889 1920 1930 ictibus
1951 1890 2161 1943 pulsabant

242 1955 278 1989 et
307 1949 447 1989 iterum
475 1955 590 2000 atque
618 1949 759 1989 iterum
788 1950 1033 2001 Kyrieleison
1061 1949 1296 2001 repetebant.
1352 1949 1528 2000 perlectis
1559 1948 1688 2000 itaque
1714 1949 1788 1990 diei
1815 1950 1975 1990 Sabbati
1992 1950 2160 1990 lectioni·
2188 1982 2193 1983 ν

242 2010 315 2048 bus
356 2014 393 2049 et
433 2022 542 2049 more
591 2009 704 2049 solito
755 2022 889 2060 graece
940 2014 977 2049 et
1023 2009 1142 2049 latine
1183 2008 1403 2049 alternatim
1442 2009 1625 2061 expositis
1667 2010 1852 2061 omnique
1885 2009 2013 2050 diurni
2048 2009 2160 2050 officii
2185 2047 2205 2058 .=

241 2068 453 2108 ministerio
496 2074 663 2120 peracto,
705 2069 922 2120 patriarcha
950 2068 1210 2117 Daimbertus,
1249 2073 1419 2109 reserato
1457 2069 1643 2120 Sepulcro
1677 2069 1788 2118 ostio,
1825 2069 1932 2109 solus
1960 2068 2160 2121 ingressus
2180 2067 2206 2105 ³:

242 2134 299 2167 est
339 2134 375 2168 et
417 2128 566 2168 lumine
603 2142 680 2168 non
721 2128 879 2168 invento
913 2128 1033 2168 tristis
1067 2128 1271 2180 egreditur.
1328 2127 1467 2169 deinde
1503 2133 1591 2180 post
1628 2129 1842 2180 paululum,
1875 2129 2016 2170 iterum
2043 2113 2195 2180 atque}

242 2187 353 2227 tertio
394 2189 525 2227 locum
561 2188 730 2228 cundem
767 2187 927 2228 visitans
963 2189 1148 2240 nullaque
1184 2189 1294 2240 signa
1327 2187 1485 2228 luminis
1523 2188 1562 2227 in
1591 2187 1685 2239 ipsis
1713 2187 1886 2240 Sepulcri
1914 2170 2193 2241 lampadibus&

241 2247 475 2298 repperiens,
516 2252 731 2298 prostratus
767 2252 858 2287 ante
886 2247 1175 2288 sanctissimum
1199 2247 1416 2287 dominicae
1438 2248 1668 2299 Sepulturae
1687 2248 1895 2295 tumulum,
1914 2260 2047 2300 preces
2065 2261 2157 2287 cum

241 2306 419 2357 lacrymis
454 2313 490 2346 et
528 2307 692 2358 pectoris
730 2306 979 2347 tunsionibus
1017 2307 1082 2347 diu
1120 2306 1340 2359 pavimento
1367 2307 1577 2347 inhaerens
1605 2305 1712 2356 fudit,
1741 2308 1845 2347 clero
1872 2312 1988 2358 atque
2014 2307 2166 2359 populo:

240 2365 394 2405 interim
423 2368 667 2416 Kyrieleison
701 2380 792 2406 cum
825 2366 962 2407 ceteris
999 2366 1177 2418 precibus
1213 2367 1451 2407 acclamante
1485 2372 1602 2418 atque
1639 2365 1822 2407 nuntium
1858 2365 2015 2406 luminis
2044 2365 2156 2418 patri·

240 2426 398 2465 archam
426 2432 684 2477 exspectante.

364 2486 413 2534 [c.
442 2485 624 2534 XLV111.]
681 2485 906 2525 Patriarcha
948 2499 1049 2533 vero,
1093 2485 1171 2526 iam
1211 2487 1292 2526 sole
1333 2488 1382 2526 ad
1423 2499 1606 2526 occasum
1646 2491 1839 2537 vergente,
1881 2484 2081 2537 egrediens
2107 2481 2152 2524 d'

241 2544 426 2595 Sepulcro
454 2545 661 2596 locumque
690 2544 986 2584 eminentiorem
1014 2550 1051 2585 et
1080 2545 1251 2585 sermoni
1279 2550 1415 2597 aptum
1443 2546 1670 2594 ascendens,
1707 2546 1890 2585 baculum
1923 2545 2156 2596 pastoralem

239 2602 278 2641 in
308 2617 429 2642 manu
458 2617 528 2643 sua
557 2610 707 2653 tenens,
735 2603 864 2644 innuit
893 2605 1034 2656 populo
1062 2618 1196 2652 manu,
1226 2610 1269 2644 ut
1296 2603 1493 2649 silentium
1521 2605 1693 2644 haberet.
1737 2610 1819 2645 erat
1846 2603 1951 2644 enim
1970 2602 2158 2655 quiddam.

239 2662 398 2713 perutile
433 2668 470 2702 et
498 2664 607 2703 valde
634 2662 967 2715 pernecessarium
995 2669 1032 2703 et
1061 2663 1253 2715 praesenti
1282 2663 1444 2715 tempori
1473 2669 1748 2715 opportunum,
1778 2665 1882 2715 quod
1901 2662 1956 2703 eis
1974 2661 2131 2703 intimat·

240 2721 499 2771 desiderabat;
529 2737 696 2774 cumque
725 2737 835 2763 sacra
863 2722 1125 2763 admonitione
1153 2724 1200 2762 de
1229 2722 1436 2774 Scripturis
1466 2722 1630 2772 Sanctis,
1660 2723 1802 2774 quibus
1829 2723 1878 2762 ad
1905 2723 2066 2774 plenum
2083 2721 2139 2761 im

239 2779 356 2819 butus
385 2787 478 2829 erat,
508 2782 668 2833 longum
697 2796 919 2823 sermonem
947 2781 1109 2830 fecisset,
1139 2784 1292 2834 pondus
1321 2782 1505 2822 orationis
1533 2782 1573 2822 in
1602 2796 1644 2822 se
1672 2781 1782 2822 finire
1810 2783 1956 2830 volens,
1984 2794 2096 2821 reum
2153 2793 2155 2796 ⁴

239 2840 347 2878 valde
382 2839 543 2879 noxium
577 2855 710 2881 coram
744 2841 928 2882 omnibus
962 2855 1004 2881 se
1040 2842 1242 2881 consessus
1271 2847 1339 2888 est,
1374 2841 1583 2892 multisque
1610 2840 1837 2881 criminibus
1864 2839 2102 2892 implicatum

239 2897 425 2949 principio
452 2898 662 2940 iuventutis
692 2914 786 2941 suae
814 2906 1054 2941 contestatus
1084 2906 1153 2948 est,
1183 2901 1386 2951 Deumque
1405 2914 1495 2952 erga
1515 2914 1556 2940 se
1575 2901 1768 2940 offensum
1788 2898 1950 2952 propriis
1970 2897 2153 2951 exigenti-

239 2958 312 2996 bus
341 2957 487 2997 meritis
516 2959 671 3010 lugubri
702 2961 809 3000 vultu
837 2966 874 3000 et
903 2973 995 3000 voce
1022 2958 1207 3008 intonuit3
1237 2959 1402 3010 ideoque
1429 2959 1592 3011 gratiam
1618 2959 1735 3007 illam,
1765 2973 1884 3011 quam
1911 2960 1958 2998 de
1975 2957 2090 2998 caelis
2108 2956 2149 2997 in

239 3021 381 3055 terram
414 3018 462 3056 ad
496 3018 802 3059 consolationem
839 3019 969 3071 populi
1007 3019 1067 3059 sui
1102 3019 1253 3059 mittere
1291 3019 1425 3059 solitus
1454 3025 1546 3067 erat,
1583 3024 1649 3059 aut
1677 3018 1875 3059 differebat
1901 3023 1968 3058 aut
1995 3016 2149 3069 penitus
2186 3049 2188 3057 ξ

241 3076 413 3125 negabat.
452 3076 700 3128 depositoque
729 3079 865 3119 baculo
894 3084 931 3118 et
958 3092 1052 3118 cura
1081 3077 1241 3118 omnino
1261 3092 1303 3118 se
1321 3077 1504 3118 abdicans
1525 3077 1714 3130 pastorali,⁴
1737 3091 1905 3129 pronum
1923 3082 2014 3117 ante
2031 3077 2126 3116 altar
2146 3075 2150 3078 ’
2184 3096 2187 3120 :

356 3206 373 3225 a
393 3200 523 3243 taliter,
550 3205 709 3245 inquam,
737 3204 940 3245 laetificavit
966 3203 1145 3238 Dominus
1169 3205 1259 3246 Τβρ.
1290 3222 1329 3228 -—
1358 3203 1379 3230 b
1398 3214 1470 3238 om.
1497 3214 1593 3238 anno
1618 3203 1662 3237 ab
1685 3204 1753 3237 inc.
1779 3203 1917 3236 domini
1940 3201 2037 3236 MOI
2057 3202 2136 3244 Τβρ
2179 3205 2185 3231 «ῑ
