2216 3438
223 204 394 241 Fulcheri
418 204 647 240 Carnotensis
672 203 830 240 Historia
854 197 1189 249 Hierosolymitana'.
1215 224 1260 230 -
1287 201 1363 238 Lib.
1382 201 1425 246 11,
1452 213 1528 248 cap.
1547 199 1638 244 XXI,
1662 200 1768 237 4—6.
1883 200 1953 237 449

39 313 444 370 Hugopraedictus
475 312 530 358 de
550 314 714 357 Arsuth
744 317 788 357 et
808 315 986 370 Ioppem
1016 313 1229 369 pavidus¹²
1259 312 1521 368 properavit.
1576 309 1672 356 cuib
1702 325 1778 354 rex
1808 311 1853 353 in
1875 311 1953 354 ad·
1972 320 2080 348 muoz

38 385 238 429 iutorium
281 385 528 441 processite,
575 399 631 429 ne
674 386 731 429 ab
770 386 970 429 hostibus
1013 386 1058 428 in
1101 385 1173 428 via
1219 387 1560 440 oppugnaretur.
1650 380 1719 438 [4]
1767 396 1952 438 cumque

3 465 7 470 ’
37 456 216 512 Ioppem
244 454 552 512 pervenissetd,
584 458 761 501 consilio
793 471 882 501 non
904 458 1093 500 diutius-0
1113 457 1372 512 prolongato
1382 452 1411 507 ⁸,
1445 469 1591 510 regem
1613 455 1781 498 monuit
1803 468 1955 498 neces-

39 527 157 579 sitas,
201 530 250 572 ut
290 529 398 581 illos,
446 530 520 584 qui
552 529 823 573 Hierusalem
866 531 909 572 et
949 529 1069 584 apud
1109 528 1152 571 S.
1182 523 1432 571 Abraham⁹
1475 527 1658 578 inerant,
1700 526 1955 570 mandando

24 596 183 643 'venire
225 588 405 656 Ioppem
447 601 621 653 faceret,
666 604 715 644 ut
757 601 919 644 bellum
959 601 1064 643 item
1106 613 1203 642 cum
1247 596 1491 642 Arabibusf
1533 598 1832 649 committeret,
1883 598 1957 653 qui

34 670 215 727 Ioppem
252 671 618 716 machinabantur
657 672 1037 728 comprehendere,
1079 684 1215 727 prope
1255 671 1504 726 hospitatig.
1567 668 1636 725 [5]
1669 671 1774 712 dum
1806 672 1954 712 autem

49 762 70 780 n
82 741 318 786 editaretur
337 757 468 798 quem
484 744 582 788 illuc
598 745 790 799 legatum
805 744 1005 795 mitteret,
1024 743 1131 786 vidit
1147 743 1206 786 ibi
1227 743 1448 798 quendam
1465 739 1653 798 Syrumh
1667 739 1715 793 1⁰,
1733 741 1957 784 hominem

34 812 245 857 humilem
283 816 327 857 et
368 814 520 858 habitu
560 816 701 867 vilem,
745 829 876 870 quern
917 815 1074 858 obnixe
1114 816 1315 869 precatus
1355 817 1433 865 est,
1479 816 1528 856 ut
1566 827 1646 868 pro
1686 813 1765 856 Dei
1808 826 1956 856 amore

34 882 151 928 hanc
180 885 441 939 legationem
471 884 682 930 facturus¹
713 887 962 942 susciperet,
996 886 1099 942 quia
1129 900 1218 929 non
1250 886 1498 928 inveniebat
1536 885 1611 939 qui
1649 898 1746 927 eam
1785 885 1956 939 explere

28 958 58 995 '²1
78 975 87 993 ι
102 958 184 999 set
214 954 312 1000 velk
343 947 556 1001 auderet1.
608 963 736 1002 nonm
768 959 883 1001 enim
905 958 1098 1001 audebat
1118 971 1196 1012 per
1217 957 1334 1000 viam
1356 957 1479 1011 gradi
1501 956 1748 1011 quispiamn
1780 958 1958 1010 propter

26 1026 216 1072 ostiles
254 1028 448 1072 insidias.
511 1030 575 1072 is⁰
615 1033 774 1082 autem,
819 1031 1053 1085 susceptap
1090 1043 1144 1072 ex
1174 1029 1265 1072 Deo
1298 1028 1497 1080 audacia,
1530 1030 1657 1071 nocte
1689 1028 1771 1070 sub
1803 1041 1955 1082 opaca,

29 1113 84 1142 ..ῑιι-
134 1100 191 1143 ab
234 1100 443 1144 inimicisq
483 1101 714 1153 videretur,
758 1114 836 1156 per
877 1101 995 1144 invia
1037 1103 1103 1144 etr
1146 1101 1241 1143 loca
1281 1100 1408 1143 satiss
1446 1113 1603 1155 aspera
1634 1099 1833 1142 incedere
1864 1112 1954 1141 non

7 1176 11 1178 '
34 1170 274 1223 11‘ierens2
301 1172 377 1223 ,die
406 1173 488 1215 ΙΙΙο
519 1173 659 1216 fessus
680 1173 807 1216 valde
828 1172 1103 1215 Hierusalem
1122 1169 1374 1227 pervenit.11
1434 1168 1504 1226 [6]
1526 1184 1712 1226 cumque
1734 1183 1953 1213 rumorem

68 1242 367 1287 esiderabilem
397 1245 452 1288 de
483 1258 584 1299 rege
616 1245 780 1287 civibus
811 1244 1098 1287 innotesceret
1128 1246 1172 1286 et
1205 1243 1352 1286 vivum
1380 1256 1480 1286 eum
1512 1247 1637 1285 esseu
1674 1243 1955 1294 declararetv,

156 1361 400 1406 *praedictus
424 1359 564 1395 Arsuth
587 1370 748 1402 egressus
773 1370 853 1393 cum
869 1361 947 1394 suis
963 1361 1100 1404 Ioppen
1116 1361 1344 1402 ΑΒῖαῙοΒβ.
1371 1380 1416 1386 -
1443 1359 1463 1386 b
1483 1371 1562 1394 cum
1579 1371 1612 1395 n.
1643 1379 1684 1384 —
1712 1365 1729 1386 ⁰
1742 1362 1959 1404 properavit

43 1406 132 1450 Αδμ.
150 1428 196 1435 -
220 1407 243 1435 d
260 1409 502 1452 pervenissent
526 1409 647 1450 oonss.
675 1426 719 1431 —
745 1412 763 1433 Θ
782 1407 882 1441 deest
905 1409 1132 1450 ABFGIORB.
1158 1426 1205 1431 —
1231 1406 1246 1433 f
1263 1409 1452 1442 necessitas
1476 1412 1517 1443 ut
1541 1409 1731 1442 mandaret
1756 1408 1839 1442 illos
1855 1409 1906 1442 ad
1921 1418 1958 1442 se

148 1480 153 1485 ι
183 1457 248 1500 qui
270 1455 501 1490 Hierusalem
524 1457 682 1499 inerant,
707 1459 747 1489 ut
772 1456 994 1499 con-armatis
1018 1456 1106 1498 illis,
1132 1455 1262 1489 bellum
1286 1457 1370 1490 item
1402 1466 1480 1490 cum
1505 1456 1700 1490 Saracenis
1730 1456 1956 1498 ΑΒΡαιοΒβ.

41 1503 45 1507 “
118 1509 140 1536 8
158 1513 231 1539 om.
257 1505 320 1548 qui
342 1503 488 1547 Ioppem
513 1514 560 1537 m.
585 1514 614 1537 c.
635 1513 675 1546 p.
701 1503 874 1546 hospitali
898 1503 1132 1545 ΑΒΓαιοΒβ.
1172 1522 1213 1526 -
1248 1501 1270 1529 h
1295 1514 1401 1537 suum
1426 1514 1464 1544 κς
1502 1504 1635 1546 Syrum
1666 1514 1783 1538 senem
1814 1505 1876 1546 (ιβ.
1915 1521 1952 1526 -

0 1580 1 1591 ,
69 1560 145 1587 om.
166 1551 335 1594 fadum
358 1561 391 1585 x.
419 1569 460 1574 —
494 1549 516 1576 k
535 1560 608 1584 om.
629 1554 749 1593 posset
772 1550 825 1584 vel
848 1551 1030 1593 ΒΕΗκδμ.
1069 1570 1108 1575 -
1150 1549 1160 1576 ¹
1181 1550 1312 1585 valeret
1336 1551 1436 1592 Εδμ;
1463 1551 1607 1585 audiret
1632 1561 1667 1585 H.
1707 1569 1748 1575 -
1785 1556 1818 1576 ¹11
1842 1550 1956 1592 vilem,

58 1630 60 1632 ,
84 1621 86 1623 »
132 1598 246 1644 [quem
281 1597 377 1641 σιῑβ]
409 1598 577 1642 precibus
611 1601 751 1632 tantum
785 1598 1003 1641 supplicavit
1036 1598 1129 1642 quod
1165 1598 1372 1641 legationem
1406 1602 1480 1632 tam
1513 1609 1582 1642 pro
1607 1599 1677 1632 Dei
1700 1600 1826 1633 tc'more
1851 1609 1959 1642 quam

54 1647 66 1688 ζ,
88 1662 92 1676 ι
117 1672 126 1681 .
151 1657 259 1691 quam
282 1645 319 1690 R]
342 1655 411 1690 pro
434 1647 529 1689 reyis
554 1655 674 1679 amore
694 1646 914 1689 portandam
938 1647 1132 1688 susciperet
1152 1645 1320 1689 [suscepit
1336 1646 1371 1688 1].
1398 1656 1470 1680 non
1487 1647 1723 1692 ABrmpRB.
1753 1665 1795 1669 —
1821 1652 1842 1672 1¹
1863 1649 1959 1690 quis·

96 1710 101 1723 a
171 1705 195 1728 1.
229 1712 275 1718 —
308 1693 404 1727 ohis
428 1703 493 1727 on:
528 1713 572 1718 —
610 1698 632 1725 Ρ
651 1697 794 1737 sumpta
818 1694 1108 1735 Aeraumonss.
1142 1713 1187 1718 —
1221 1699 1241 1725 q
1260 1695 1383 1736 impiis
1409 1695 1643 1736 Auroronss.
1670 1712 1715 1717 —
1740 1699 1755 1719 ¹·
1782 1697 1814 1728 ei
1839 1695 1886 1736 μ’.
1913 1712 1960 1717 —

12 1763 13 1766 =
79 1750 151 1777 om.
176 1743 267 1776 satis
289 1741 516 1782 ABFGIORB.
546 1759 584 1765 —-
614 1741 627 1766 t
651 1750 723 1775 om.
750 1741 911 1774 incedere
934 1751 1007 1774 non
1031 1741 1205 1783 differens
1229 1742 1456 1783 Aurolonss.
1484 1761 1529 1766 —
1555 1747 1576 1767 u
1597 1745 1670 1775 tam
1687 1741 1959 1775 desiderabilem

16 1824 17 1827 ,
65 1825 67 1827 ,
95 1788 174 1824 t‘bus
197 1791 334 1824 eunctis
355 1788 571 1833 propalaret
595 1792 626 1822 et
649 1799 765 1831 reyem
790 1789 907 1822 vivum
931 1789 1162 1831 ΑΒΡαιοιιβ.
1192 1807 1232 1812 -
1259 1793 1279 1815 V
1298 1788 1534 1824 declararunt
1560 1789 1580 1822 δ
1589 1799 1623 1831 μ.

15 1921 16 1926 ’
83 1949 85 1952 -
109 1938 115 1955 ι
151 1919 256 1967 aber,
297 1933 346 1959 an
376 1918 564 1958 welchem
593 1918 697 1969 Tage
725 1917 890 1958 Balduin
918 1917 1026 1958 seine
1051 1918 1317 1958 Nachenfahrt
1346 1919 1445 1958 nach
1475 1920 1595 1970 Joppe
1623 1919 1848 1970 ausgeftihrt
1876 1919 1956 1967 hat,

17 2007 18 2015 ,
80 1999 84 2012 ι
120 1991 184 2019 am
210 1977 434 2018 namlichen
462 1977 566 2029 Tage
595 1977 722 2017 seiner
750 1977 928 2017 Ankunft
956 1977 995 2016 in
1024 1977 1154 2026 Arsuf,
1185 1978 1220 2018 d.
1242 1978 1265 2018 i.
1286 1992 1350 2018 am
1383 1979 1442 2018 19.
1463 1978 1552 2026 Mai,
1583 1979 1774 2018 nachdem
1804 1992 1845 2018 er
1873 1979 1956 2019 sich

24 2078 25 2082 ,
68 2038 182 2078 ‚ther
207 2037 279 2078 mit
305 2037 439 2090 Speise
466 2038 548 2077 und
576 2037 708 2076 Trank
735 2036 908 2087 erquickt
936 2037 1017 2076 und
1045 2038 1166 2076 durch
1196 2037 1332 2077 Schlaf
1364 2037 1490 2078 erholt
1516 2038 1635 2085 hatte,
1665 2039 1758 2078 oder
1787 2043 1865 2078 erst
1893 2052 1957 2078 am

21 2095 24 2149 ξ
74 2098 82 2112 ’”
102 2097 243 2138 nden
271 2098 336 2137 20.
357 2096 445 2136 Mai.
491 2096 599 2136 Nach
629 2098 717 2136 dem
737 2097 940 2148 Vorgange
960 2097 1124 2136 Bartolfs
1145 2098 1222 2137 535
1238 2098 1281 2145 Β,
1311 2098 1378 2137 der
1407 2098 1482 2137 den
1501 2097 1627 2149 Kenig
1660 2111 1798 2146 „mane
1817 2098 1959 2146 facto‘,

21 2156 27 2203 '2
79 2155 124 2196 'i.
151 2157 227 2197 den
254 2157 403 2196 andern
430 2156 590 2207 Morgen
619 2169 683 2196 am
711 2157 773 2195 20.
808 2155 885 2195 Mai
913 2156 1013 2195 nach
1041 2157 1163 2207 Joppe
1191 2156 1328 2196 fabren
1355 2157 1448 2205 lasst,
1489 2157 1618 2197 haben
1647 2156 1718 2196 wir
1747 2158 1845 2197 auch
1876 2157 1958 2197 dies

25 2255 28 2263 ‚
141 2233 174 2251 ιιι
211 2215 251 2256 ἰιι
280 2215 398 2256 Hohr
424 2215 491 2255 Nr.
527 2216 600 2255 651
634 2228 933 2266 angenommen‚
975 2228 1019 2254 so
1047 2216 1122 2255 da&
1158 2217 1380 2267 sequenti
1421 2217 1511 2264 die,
1556 2230 1606 2256 an
1635 2218 1824 2257 welchem
1853 2217 1957 2268 Tage

25 2282 27 2302 ἓ
143 2292 149 2309 ι
185 2275 274 2315 dem
300 2275 427 2326 Konig
463 2274 603 2326 gefolgt
638 2275 702 2322 ist,
741 2275 807 2314 der
836 2275 899 2314 21.
933 2273 1009 2314 Mai
1050 2288 1142 2315 war.
1198 2276 1275 2315 Der
1303 2275 1529 2316 Aufenthalt
1557 2276 1742 2316 Balduins
1771 2276 1811 2315 in
1840 2276 1962 2315 Arsuf

28 2340 32 2349 ⁴
117 2338 192 2375 ·rte
218 2335 410 2374 demnach
439 2347 529 2374 vom
560 2335 740 2374 19.-20.
775 2333 862 2381 Mai,
893 2334 1086 2386 derjenige
1120 2335 1255 2386 Hugos
1284 2349 1372 2375 vom
1405 2337 1584 2375 lta—21.
1620 2335 1708 2385 Mai,
1753 2350 1803 2375 an
1832 2336 1957 2375 welch

93 2412 110 2426 vr
141 2411 146 2416 ·
183 2407 238 2434 ιιι
273 2393 378 2445 Tage
411 2394 479 2433 der
511 2393 638 2444 Konig
677 2393 1054 2433 selbstverstandlich
1097 2394 1168 2434 mit
1209 2394 1315 2434 einer
1353 2395 1700 2435 Hilfsrnannschaft
1740 2408 1809 2435 aus
1837 2395 1958 2446 Joppe

29 2448 31 2459 '
105 2471 124 2487 ιι
161 2452 276 2504 Hugo
303 2457 660 2504 entgegengezogen
689 2451 749 2492 ist.
805 2452 1061 2492 Abzuweisen
1090 2453 1140 2492 ist
1167 2453 1229 2493 die
1257 2453 1419 2505 Angabe
1446 2454 1569 2494 Alb.’s
1602 2455 1663 2502 IX,
1703 2455 1761 2502 19,
1793 2455 1957 2494 wonach

84 2517 102 2540 ’-
122 2510 207 2552 uin
235 2511 369 2552 sieben
396 2512 500 2563 Tage
527 2513 618 2563 lang
646 2512 686 2550 in
714 2511 837 2551 Arsuf
861 2511 944 2550 sich
972 2512 1215 2563 aufgehalten
1243 2513 1358 2561 habe,
1389 2526 1419 2553 s.
1442 2528 1467 2553 n
1491 2515 1524 2553 1.
1557 2536 1602 2542 -—
1634 2517 1658 2553 8
1687 2516 1731 2561 ἐξ
1753 2514 1789 2561 4,
1810 2516 1834 2553 5
1854 2527 1891 2554 u.
1914 2515 1957 2554 6:

33 2583 34 2598 ¹
99 2612 101 2618 ,
130 2571 278 2623 ’Κόηἰρ
306 2573 402 2611 sieht
437 2573 518 2611 sich
553 2573 733 2623 yeniitiqt,
775 2571 870 2611 ohne
919 2571 1065 2623 Verzuy
1103 2574 1212 2611 einen
1258 2574 1444 2621 Hilferuf
1482 2575 1580 2613 nach
1621 2574 1837 2612 Jerusalem
1876 2576 1959 2613 und

38 2671 40 2678 ‚
101 2629 299 2670 Abraham
326 2631 483 2682 erqehen
508 2645 558 2670 zu
581 2632 718 2670 lassen.
775 2630 853 2669 Ein
878 2630 999 2681 Syrer
1028 2631 1256 2670 tibernimmt
1293 2634 1367 2671 den
1396 2633 1568 2684 Austraq
1600 2635 1682 2672 und
1716 2633 1868 2684 qelanqt
1896 2647 1958 2672 am

212 2690 311 2742 Taqe
337 2691 435 2729 nach
452 2691 680 2729 Jerusalem.
705 2712 748 2716 —
771 2688 972 2729 consilio
1001 2703 1094 2729 non
1122 2690 1305 2731 diutius
1334 2692 1645 2743 prolongato:
1681 2705 1794 2740 „sans
1823 2693 1960 2742 perdre

42 2763 47 2795 j
109 2767 113 2775 =
135 2766 163 2781 ·:
187 2751 212 2788 ὲ,
229 2747 434 2788 deliberer“
459 2749 595 2788 Guizot
618 2749 704 2788 139.
731 2770 775 2776 —
797 2748 874 2786 Fiir
902 2748 1106 2788 consilio
1135 2763 1230 2789 non
1259 2751 1294 2789 d.
1325 2751 1440 2801 prol.
1470 2751 1638 2790 schreibt
1666 2752 1733 2790 der
1762 2751 1959 2791 Verfasser

138 2805 346 2847 L-Textes:
383 2812 440 2856 „et
459 2807 720 2847 inhabitantes
748 2807 1029 2856 aliquantulum
1058 2808 1319 2849 consolatione
1348 2810 1507 2849 recreati
1535 2811 1703 2849 essent“.
1728 2832 1772 2836 —
1793 2813 1817 2848 9
1838 2811 1959 2861 apud

41 2871 42 2874 ’
96 2862 352 2923 ”Abraham
367 2898 376 2914 ,
405 2867 442 2906 d.
463 2866 487 2905 i.
507 2866 680 2913 Hebron,
710 2879 740 2905 s.
762 2879 808 2905 zu
828 2865 877 2904 IV
898 2879 924 2904 n
947 2867 1006 2906 15.
1030 2890 1076 2895 --
1098 2870 1143 2906 10
1161 2867 1268 2908 Nach
1285 2870 1353 2908 der
1369 2882 1442 2908 nur
1457 2869 1516 2908 bei
1534 2869 1566 2909 G
1582 2870 1662 2908 und
1677 2877 1696 2918 β
1711 2869 1791 2908 sich
1813 2869 1958 2909 finden-

53 2974 58 2977 ¹
107 2950 115 2965 2
146 2923 280 2964 Laeart
308 2925 378 2964 soll
419 2925 544 2965 dieser
572 2925 688 2976 Syrer
716 2924 777 2964 ein
807 2937 955 2964 senex
982 2938 1163 2976 gewesen
1192 2927 1287 2967 sein.
1339 2928 1445 2967 Doch
1466 2927 1514 2967 ist
1544 2942 1584 2968 es
1614 2928 1853 2975 zweifelhaft,
1882 2929 1958 2968 dafi

45 2991 46 2994 ’
117 2982 211 3023 »uin
250 2983 363 3024 einen
403 2984 513 3025 Greis
551 2997 597 3023 zu
639 2984 784 3023 seinem
827 2983 1066 3024 Botschafter
1103 2999 1147 3025 so
1174 2987 1477 3037 angelegentlich
1517 2988 1626 3027 sollte
1663 3000 1711 3026 zu
1752 2988 1958 3038 gewinnen

99 3041 208 3096 feht
234 3043 375 3083 haben.
430 3043 538 3083 Nach
569 3044 657 3082 dem
686 3042 918 3082 fabelhaften
938 3043 1112 3083 Berichte
1131 3045 1258 3085 Ord.'s
1278 3046 1341 3093 IV,
1372 3047 1448 3085 135
1477 3047 1579 3086 habe
1608 3046 1690 3086 ihm
1709 3047 1873 3086 Balduin
1902 3047 1958 3087 als

58 3140 60 3142 ,
101 3099 276 3153 1=hnung
303 3102 364 3141 fiir
390 3101 645 3153 Ausfiihrung
672 3102 740 3141 des
768 3101 950 3151 Auftrags
978 3103 1053 3142 den
1082 3103 1340 3155 Ritterschlag
1369 3106 1639 3156 versprochen.
1671 3128 1717 3133 —
1747 3109 1791 3145 11
1819 3107 1860 3145 In
1891 3107 1958 3146 der

99 3196 103 3199 Α
127 3177 132 3190 ⁶
150 3179 154 3192 τ
175 3173 268 3209 nme,
296 3162 372 3201 da&
391 3162 458 3202 der
478 3162 594 3212 Syrer
614 3174 678 3200 am
697 3161 837 3200 Abend
855 3161 923 3200 des
943 3162 1006 3201 21.
1026 3162 1116 3209 Mai,
1145 3177 1195 3202 an
1215 3164 1303 3203 dem
1324 3164 1437 3215 Hugo
1457 3164 1497 3203 in
1524 3164 1644 3216 Joppe
1673 3165 1956 3215 angekommen

58 3218 67 3259 ’,
95 3219 101 3272 ἠ
123 3239 144 3265 ‚
170 3218 304 3258 seinen
330 3220 556 3271 Botengang
583 3224 807 3271 angetreten
835 3219 915 3267 hat,
944 3232 988 3259 so
1017 3222 1149 3261 wiirde
1177 3223 1316 3262 dessen
1345 3222 1552 3263 Eintreffen
1584 3222 1624 3263 in
1652 3224 1865 3264 Jerusalem
1893 3239 1956 3265 am

79 3291 82 3314 e
118 3285 403 3324 Bezenmeyer.
421 3289 562 3318 Fulcher
580 3295 645 3318 von
663 3288 816 3317 Chat-tres.
1781 3296 1816 3322 29
