2216 3438
222 148 292 183 814
405 149 569 185 Fulcheri
595 149 825 186 carnotensis
851 151 1009 187 Historia
1034 152 1372 198 Hierosolymitana.
1399 173 1443 178 -
1469 153 1546 189 Lib.
1564 154 1626 196 111,
1652 166 1728 200 cap.
1746 155 1835 198 LIX.
1860 157 1895 191 6.
1921 157 1954 192 7.

97 270 123 289 a·
134 264 204 291 1126
222 260 280 298 est
319 257 431 310 quod
467 257 665 310 superius
695 262 753 300 est
781 258 911 302 Mare
940 259 1154 311 Indicum,
1190 261 1239 304 in
1275 275 1356 316 quo
1388 263 1517 305 Mare
1547 263 1756 316 Rubrum,
1791 270 1950 319 quam·
1986 279 2142 321 aequor

220 329 491 384 Aeyyptium,
522 330 633 382 quod
662 329 850 383 inferius
878 331 1035 375 adluit.
1088 336 1127 375 et
1154 332 1336 386 fortasse
1365 348 1418 378 ne
1447 334 1579 378 latius
1607 349 1653 378 se
1679 350 1800 379 mare
1829 336 2062 390 effunderet
2092 338 2143 381 de
2214 342 2216 382 ζ

219 400 507 454 superioribus
538 401 597 444 ad
625 401 835 455 inferiora
860 404 1153 457 praecipitans
1166 402 1214 455 ¹⁸,
1246 405 1339 448 ideo
1369 406 1588 450 molimina
1618 420 1697 451 sua
1726 421 1804 451 rex
1831 411 2004 463 uterque
2032 423 2138 453 νευο-

220 473 342 515 cavit.
405 473 488 516 hoc
519 474 563 516 in
594 473 874 517 Eaeameronb
903 474 1170 519 Ambrosii¹⁹
1200 477 1260 520 sic
1300 478 1498 521 habetur.
1562 480 1679 522 aliud
1720 493 1823 523 vero
1863 481 1908 523 in
1944 481 2093 524 Solino
2102 479 2140 505 ²⁰
2207 481 2216 531 J

219 545 448 587 invenitur.
502 542 572 600 [6]
600 546 814 589 mirabilia
846 547 1001 601 igiturc
1022 548 1101 590 Dei
1122 562 1269 603 opera,
1303 550 1439 593 multo
1461 553 1607 594 autem
1628 551 1866 595 mirabilior
1897 553 1971 607 qui
1991 551 2139 596 facit²¹
2212 544 2216 598 l

219 619 261 658 et
293 616 484 670 disponit
514 630 581 660 ea.
629 618 748 672 quod
780 619 815 660 si
848 619 995 673 aliqua
1026 620 1185 662 nostris
1217 621 1465 675 aspectibus
1496 622 1700 665 videntur
1729 623 1953 676 deformia,
1985 625 2140 668 nihilo·
2210 607 2216 690 ’Ξ

217 688 360 730 minus
391 691 538 730 tamen
570 691 671 731 sunt
691 690 927 742 laudanda,
961 691 1064 745 quia
1085 691 1294 735 Conditor
1314 692 1506 736 omnium
1529 694 1630 736 facit
1649 708 1716 747 ea,
1741 695 1875 738 immo
1895 708 1976 738 nec
1995 697 2139 739 minus
2214 691 2216 698 '

217 763 318 801 sunt
349 760 482 803 utilia.
533 757 601 814 [7]
623 760 754 804 etiam
786 762 831 804 in
862 759 1037 805 cimiced
1052 760 1090 785 ²²
1121 764 1197 806 dat
1227 764 1344 806 Deus
1375 765 1604 817 medelam,
1637 768 1681 808 et
1701 766 1744 809 in
1765 765 2001 823 polypo⁶²³
2021 769 2137 823 pisce
2206 762 2211 790 ’-

217 831 392 874 inmittit
427 833 646 883 astutiam,
687 833 754 875 vel
786 834 953 877 echino.
1017 835 1291 889 serpentibus
1322 833 1523 890 quoquef
1556 837 1634 879 dat
1668 836 2002 892 prudentiam.²⁴
2061 841 2139 883 ali·
2200 875 2213 893 4

217 904 394 957 quando
437 904 649 958 praebent
689 905 917 956 medelam,
962 906 1197 960 aliquando
1241 907 1430 950 inferunt
1469 911 1636 962 pestem
1677 910 1744 952 vel
1775 911 1907 953 etiam
1937 914 2135 954 mortem.
2199 919 2204 924 '

216 975 433 1016 interdum
490 989 593 1017 vero
642 979 801 1030 parant
841 977 1114 1032 obsequium,
1157 978 1373 1020 interdum
1415 992 1518 1022 vero
1558 984 1883 1024 nocumentum.
1957 983 2136 1037 quando
2208 1002 2209 1006 ¹

216 1046 393 1100 quidem
426 1047 669 1090 antidotum
703 1046 1019 1092 theriacumg²⁵
1050 1050 1104 1092 de
1136 1063 1317 1104 corpore
1349 1051 1560 1106 serpentis
1593 1051 1745 1094 confici
1784 1053 1923 1096 solere
1955 1054 2136 1107 dicatur,

216 1118 334 1172 quod
375 1118 525 1173 utique
564 1120 681 1161 virus
724 1133 969 1175 corpusque
1013 1122 1239 1176 serpentis
1283 1135 1381 1164 cuin
1423 1123 1562 1165 solum
1605 1124 1803 1175 sumitur,
1847 1128 1988 1177 nocet,
2035 1140 2134 1169 cum
2205 1177 2210 1183 ι

215 1187 390 1232 autemh
424 1190 686 1233 admiscetur
717 1191 824 1243 aliis,
857 1191 1033 1234 sanitati
1064 1194 1130 1234 est
1162 1195 1205 1234 et
1235 1192 1378 1235 saluti.
2207 1190 2209 1195 ’

333 1313 352 1333 ¹²
372 1308 465 1351 quod
490 1318 527 1347 n;
554 1309 641 1351 quia
659 1308 722 1350 δμ.
749 1327 794 1331 -
818 1307 840 1334 b
863 1309 1093 1342 Hexameron
1111 1319 1175 1352 μρ.
1203 1329 1247 1334 -
1273 1314 1290 1335 ‘³
1309 1308 1410 1344 deest
1427 1320 1459 1344 n.
1485 1330 1530 1335 —
1555 1308 1576 1336 ‘¹
1596 1312 1724 1345 cimine
1739 1313 1856 1347 curo.
1884 1333 1926 1339 —-
1952 1315 2135 1360 epolippo
2205 1348 2209 1354 ,

215 1355 337 1398 urbm
362 1355 485 1399 polipo
511 1366 543 1389 n.
571 1374 612 1379 —
642 1354 657 1380 s
673 1355 771 1390 deest
797 1366 828 1390 D.
858 1376 902 1381 —
926 1362 948 1388 g
966 1359 1144 1399 tyriacum
1170 1357 1267 1399 οδμ;
1294 1357 1487 1392 thiriacam
1514 1368 1546 1392 n.
1574 1377 1617 1382 —
1643 1357 1666 1385 h
1685 1359 1783 1394 deest
1810 1371 1842 1394 n.
2203 1363 2206 1365 ’

215 1495 262 1501 -
294 1478 337 1513 18
366 1476 419 1514 ad
448 1475 680 1514 inferiora
718 1475 1059 1526 praecipitans:
1097 1476 1222 1516 dieser
1251 1476 1414 1516 Ansicht
1443 1491 1525 1517 war
1560 1478 1659 1518 auch
1689 1478 1837 1519 Plinius
1869 1480 1928 1528 VI,
1957 1482 2022 1530 33,
2063 1494 2133 1522 aus
2206 1471 2211 1487 ’

213 1535 302 1573 dem
328 1534 559 1574 Ambrosius
587 1535 643 1574 sie
670 1540 923 1575 entnommen
954 1535 1031 1575 hat.
1089 1535 1237 1575 Plinius
1271 1537 1454 1586 schreibt,
1502 1538 1599 1586 „dan
1633 1552 1726 1579 man
1762 1552 1835 1579 von
1871 1541 1940 1580 der
1972 1541 2132 1582 Weiter-
2192 1535 2193 1538 “

213 1594 386 1644 siihrung
422 1594 542 1633 durch
574 1595 716 1634 Furcht
754 1607 821 1633 vor
859 1595 965 1635 einer
996 1587 1398 1647 Uberscliwemmung
1435 1597 1709 1648 abgeschreckt
1747 1600 1906 1640 worden
1935 1601 2002 1650 sei,
2044 1601 2131 1642 weil
2194 1613 2199 1615 “

213 1667 303 1693 inan
342 1654 403 1693 die
433 1655 678 1705 Bemerkung
711 1655 877 1703 machte,
915 1655 993 1694 dar-22
1030 1656 1098 1694 das
1139 1656 1238 1695 Rote
1274 1657 1378 1695 Meer
1406 1659 1430 1696 3
1460 1657 1612 1697 cubitus
1649 1658 1774 1699 hoher·
1808 1661 1950 1700 stiinde
1977 1661 2033 1700 als
2061 1662 2130 1701 das
2199 1670 2201 1674 “

212 1715 431 1765 iigyptisch'e
459 1713 579 1754 Laud.
637 1714 793 1754 Andere
821 1716 982 1754 wiirden
1012 1715 1217 1767 allerdings
1252 1716 1382 1756 diesen
1413 1717 1549 1756 Grund
1578 1717 1685 1757 nicht
1713 1719 1919 1768 anfi‘ihren‚
1957 1721 2128 1761 sondern
2198 1763 2201 1766 Α

212 1787 342 1823 sagen,
371 1788 464 1814 man
493 1775 595 1814 habe
623 1775 826 1825 deswegen
856 1775 1069 1825 ausgehiirt,
1100 1775 1219 1815 damit
1249 1776 1355 1815 nicht
1383 1777 1452 1816 das
1481 1777 1745 1827 Meerwasser,
1774 1792 1891 1819 wenn
1919 1793 1962 1820 es
1980 1780 2129 1821 hinein-
2199 1780 2205 1806 ἶ

211 1834 361 1883 geleitet
390 1835 535 1882 wiirde,
564 1835 633 1873 das
661 1835 728 1873 des
747 1834 842 1883 Nils,
871 1835 926 1874 als
956 1835 1025 1874 das
1054 1834 1201 1886 einzige
1229 1836 1437 1884 trinkbare,
1467 1838 1678 1877 verderben
1706 1839 1897 1879 moehte,‘
1932 1862 1978 1868 —
2009 1844 2057 1880 19
2082 1841 2127 1881 in
2191 1878 2194 1883 .

212 1893 478 1933 Exameron
513 1894 777 1942 Ambrosii,
819 1908 850 1934 s.
886 1907 931 1933 zu
963 1908 1016 1933 nn
1055 1896 1101 1934 13
1129 1907 1166 1934 u.
1200 1896 1260 1934 14.
1293 1919 1338 1923 —
1369 1896 1613 1944 Ambrosius,
1648 1897 1808 1937 Bischof
1841 1912 1917 1938 von
1945 1899 2127 1949 Mailand,
2189 1933 2197 1946 ,

211 1954 294 2002 geb.
325 1967 379 1992 ca.
410 1955 502 2004 340,
531 1957 554 2002 †
584 1955 619 1994 4.
642 1953 748 2004 April
777 1955 868 2001 397,
910 1954 1062 1993 schrieb
1103 1954 1142 1993 in
1177 1955 1252 1994 den
1281 1955 1423 1994 ‹labi-en
1454 1957 1668 1995 386-390
1695 1957 1777 1996 sein
1808 1958 1913 1998 Buch
1945 1959 2041 1999 iiber
2067 1959 2129 2000 die

211 2013 687 2063 Schtipfungsgeschichte,
741 2014 810 2052 das
851 2027 892 2052 er
930 2014 1198 2053 Examerou
1257 2015 1423 2054 betitelte
1471 2017 1549 2054 und
1601 2015 1688 2055 cine
1735 2017 2020 2070 Nachahmung
2059 2021 2127 2060 des

211 2072 535 2111 Hexaemeron
567 2086 640 2111 von
671 2073 836 2112 Basilius
871 2074 930 2112 ist.
1002 2066 1104 2112 Uber
1154 2073 1278 2112 dieses
1319 2074 1423 2113 Buch
1464 2076 1532 2115 des
1572 2075 1869 2116 Kirchenvaters
1919 2078 1991 2129 vgl.
2035 2093 2126 2119 man

209 2132 382 2171 Naheres
419 2132 458 2171 in
488 2134 626 2171 dessen
658 2146 732 2171 von
762 2133 929 2172 Schenkl
961 2134 1164 2183 besorgten
1196 2140 1381 2174 neuesten
1411 2135 1531 2185 Ausg.
1567 2135 1619 2174 im
1648 2135 1798 2188 Corpus
1826 2137 1963 2189 Script.
1991 2139 2126 2186 eccles.

210 2191 315 2231 latin.
347 2193 418 2231 vol.
449 2192 600 2240 XXXII,
642 2206 703 2231 wo
742 2194 809 2231 der
838 2193 953 2243 Hrsg.
985 2206 1022 2232 u.
1051 2207 1085 2232 a.
1116 2207 1151 2244 p.
1174 2193 1259 2232 XVI
1301 2195 1370 2233 der
1398 2195 1520 2234 Praef.
1561 2196 1748 2247 bemerkt,
1790 2197 1866 2236 dass
1894 2197 2126 2238 Ambrosius

210 2252 279 2290 alle
310 2253 574 2291 bekannteren
605 2252 731 2292 latein.
764 2253 1204 2303 naturgeschichtlichen
1234 2253 1389 2301 WVerke,
1425 2256 1610 2294 darunter
1646 2255 1909 2296 vornehmlich
1937 2257 1998 2297 die
2025 2257 2124 2298 Hist.
2202 2299 2208 2310 ‚

211 2317 336 2350 natur.
375 2313 442 2350 des
476 2312 623 2350 Plinius
665 2313 817 2362 gelesen
862 2313 942 2351 und
983 2313 1139 2351 benutzt
1182 2314 1295 2352 habe.
1327 2335 1373 2340 —
1403 2317 1455 2353 20
1485 2306 1590 2353 Uber
1619 2314 1814 2354 Solinus
1843 2315 1916 2366 vgl.
1946 2330 1972 2356 n
1993 2318 2016 2356 7
2045 2319 2126 2358 und
2203 2356 2207 2365 ,

210 2371 339 2418 XLIX,
360 2372 404 2410 17
436 2385 460 2410 n
483 2372 545 2410 61.
581 2393 621 2398 —
655 2374 701 2410 21
730 2373 774 2418 ἐξ
794 2373 818 2410 6
840 2385 876 2411 u.
900 2373 943 2411 7:
979 2372 1241 2420 Gotteswerke,
1271 2375 1368 2412 auch
1397 2376 1470 2421 die,
1501 2375 1635 2413 welche
1663 2387 1737 2414 uns
1763 2376 2015 2430 mifiyejstaltet
2042 2379 2141 2419 und*

209 2432 401 2470 seha'cllich
433 2432 663 2479 erseheinen,
704 2433 795 2470 sind
835 2433 1004 2470 clennoeh
1032 2446 1081 2470 zu
1114 2433 1233 2482 laben,
1273 2435 1324 2471 da
1358 2435 1414 2471 sie
1441 2435 1538 2472 auch
1565 2447 1635 2473 von
1664 2435 1817 2474 Nutzen
1845 2437 1927 2474 sein
1960 2437 2125 2488 ko'nnen,
2154 2465 2160 2468 -

200 2492 244 2539 je
271 2492 453 2529 nachdem
481 2493 536 2529 sie
560 2492 764 2541 qebraucht
792 2493 955 2530 werden.
989 2512 1033 2518 —
1066 2491 1336 2531 mirabilior
1373 2492 1451 2543 qui
1487 2493 1600 2532 facit
1634 2506 1702 2533 ea:
1740 2494 1915 2534 derselbe
1941 2495 2126 2536 Gedanke

210 2550 246 2587 in
277 2550 460 2597 XXXVII,
491 2551 526 2589 2.
559 2572 606 2577 ——
636 2548 685 2588 22
714 2550 889 2590 cimice.
932 2551 1009 2589 Zur
1038 2550 1176 2601 irrigen
1198 2551 1333 2591 Lesart
1362 2551 1534 2591 cimine
1562 2553 1770 2592 bemerken
1799 2553 1860 2594 die
1888 2554 2027 2606 Hrsgg.
2056 2556 2125 2595 der

210 2609 412 2648 Fu.’schen
443 2609 613 2648 Historia
641 2609 693 2648 im
714 2610 818 2657 Rec.,
848 2610 948 2648 Hist.
978 2623 1056 2649 occ.
1087 2611 1147 2657 Ill,
1169 2611 1370 2651 48311.f.:
1405 2612 1595 2659 „cimice
1622 2613 1828 2664 legendum
1857 2627 1927 2665 pro
1954 2614 2124 2655 cimine

208 2674 341 2707 auctor
369 2674 426 2708 est
453 2669 600 2707 Plinius
630 2669 747 2717 (Hist.
777 2674 855 2708 nat.
883 2669 1017 2717 XXIX,
1036 2670 1121 2718 17):
1151 2670 1266 2709 veluti
1296 2671 1487 2720 cimicum,
1516 2671 1694 2712 animalis
1719 2673 1930 2713 foedissimi
1957 2678 1995 2713 et
2020 2674 2128 2714 dictu

209 2741 360 2777 quoque
397 2728 626 2774 fastidiendi,
668 2734 807 2777 natura
846 2734 979 2768 contra
1008 2729 1245 2780 serpentium
1274 2744 1428 2770 morsus
1466 2737 1503 2770 et
1544 2733 1746 2784 praecipue
1786 2733 1963 2784 aspidum
1998 2735 2124 2774 valere
2179 2737 2183 2739 ’

208 2786 379 2826 dicitur.“
415 2809 459 2814 —-
492 2788 664 2834 cimex,
700 2787 760 2826 die
790 2788 951 2827 wanze.
995 2811 1041 2815 —
1084 2791 1131 2827 23
1168 2790 1365 2840 polypus
1404 2790 1564 2841 piscis:
1602 2791 1667 2830 ein
1704 2792 1966 2844 mehrfsifiiger
1994 2794 2120 2839 Fisch‚

208 2845 290 2884 hier
319 2847 386 2884 der
406 2847 545 2886 Molch.
570 2869 615 2872 —
647 2847 866 2894 echinus,
896 2849 964 2886 der
991 2848 1078 2898 [gel.
1110 2873 1156 2876 —
1189 2850 1238 2887 24
1266 2850 1482 2900 serpenti
1511 2852 1835 2901 prudentiam:
1864 2854 2004 2903 gemflss
2032 2854 2120 2894 dem

207 2905 434 2956 Aussprucli
472 2905 625 2953 Christi,
656 2907 790 2945 Matth.
815 2908 874 2954 10,
909 2908 974 2946 16:
1007 2912 1151 2954 „estote
1187 2910 1396 2958 prudentes
1436 2909 1534 2949 sicut
1572 2912 1808 2962 serpentes‘.
1847 2935 1893 2940 —
1923 2916 1971 2952 25
1999 2913 2119 2952 anti·

209 2965 362 3002 dotum
392 2965 668 3004 theriacum:
699 2967 735 3004 d.
757 2966 778 3005 i.
809 2966 1020 3017 Gegengift.
1082 2974 1294 3018 ηθηριακὸς,
1322 2982 1345 3007 a
1375 2973 1521 3018 θηρίον,
1550 2969 1650 3010 fera:
1679 2970 1816 3010 dicitur
1843 2973 1891 3011 de
1918 2972 1992 3021 his,
2021 2986 2120 3023 quae
2179 3011 2184 3014 ,

208 3023 431 3062 animalium
461 3030 496 3063 et
516 3025 717 3075 praecipue
737 3031 959 3076 serpentum
981 3027 1140 3065 venenis
1161 3027 1329 3066 remedio
1349 3034 1450 3068 sunt.
1489 3028 1638 3068 Plinius
1656 3030 1787 3077 XXIX,
1809 3031 1855 3069 4⁸
1874 3032 2119 3081 (Forcellini).

212 3104 255 3108 —
289 3083 381 3132 lvi-ig
410 3083 456 3122 ist
485 3084 545 3122 die
573 3085 705 3123 Lesart
735 3084 972 3134 tyriacum.
