2216 3438
234 148 303 185 83⁶2
1111 143 1277 190 Anhang.

236 269 400 308 poscens
428 253 730 306 omnipotentisa
757 252 911 293 Domini
940 252 1255 300 misericordiam,
1285 258 1327 292 ut
1346 252 1474 305 ignem
1495 253 1573 293 abb
1591 253 1681 294 olim
1701 260 1944 304 consuetum,
1973 269 1996 296 a
2015 256 2155 308 populo
2214 251 2216 255 ⁸

235 330 306 356 suo
334 315 573 367 supplicante
603 320 681 354 tam
709 313 981 361 desideratum,
1011 312 1185 352 emittere
1209 313 1442 363 dignaretur.
1486 327 1559 352 nos
1579 327 1732 365 quoque
1751 315 1891 364 cuncti,
1910 317 2156 367 Kyrieleison
2214 331 2216 363 ;

236 378 310 416 alte
339 379 628 426 concrepantes,
658 373 826 415 Domino
855 373 1168 424 supplicabamus
1198 378 1478 423 exspectantes,
1508 375 1609 423 quod
1637 374 1855 426 patriarcha
1882 376 1954 415 dee
1972 375 2157 427 Sepulcro
2213 374 2216 425 ζ

237 436 469 486 regrediens,
507 435 652 481 lumen,
702 438 743 472 ut
781 433 1047 484 sperabamus,
1086 432 1300 479 inventum,
1343 446 1366 471 a
1404 432 1571 472 Domino
1608 434 1784 483 missum,
1823 435 1936 474 nobis
1974 434 2156 475 omnibus

238 494 559 534 manifestaretur.
617 493 684 532 sed
722 506 810 531 cum
848 492 923 531 illic
961 492 1025 530 diu
1063 504 1196 542 preces
1233 505 1323 530 suas
1361 492 1548 543 plorando
1586 494 1747 533 fudisset
1779 499 1817 534 et
1845 495 1948 545 quod
1975 495 2157 546 poscebat
2207 515 2216 548 ·3

237 569 316 594 non
356 554 610 605 impetrasset,
650 552 893 592 tristissimus
930 552 978 591 ad
1016 565 1089 590 nos
1118 550 1208 590 inde
1236 551 1383 602 exiens,
1418 551 1548 603 ignem
1578 566 1657 592 non
1687 553 1882 594 invenisse
1909 555 2156 595 monstravit:

238 628 314 664 quo
347 618 544 664 comperto
587 611 776 664 perterriti
818 616 854 651 et
896 610 1109 650 contristati
1153 611 1262 650 valde
1304 624 1453 651 sumus.
1519 612 1595 651 iam
1634 626 1706 664 ego
1741 613 1823 665 ipse
1861 627 1950 654 cum
1988 616 2156 666 quodam
2215 661 2216 664 Ἴ

239 673 477 725 patriarchae
506 672 704 723 capellano
734 671 772 710 in
791 671 921 711 locum
941 670 1005 722 qui
1026 670 1164 710 dicitur
1188 671 1394 710 Caloariae
1412 672 1676 721 ascenderam,
1707 677 1886 713 scrutans
1905 679 2036 714 utrum
2056 674 2156 722 illuc,

239 739 279 772 ut
308 733 501 772 interdum
531 732 690 779 solebat,
719 731 819 782 ignis
847 731 928 782 ipse
957 730 1220 770 manifestaret
1249 744 1372 770 necne
1400 732 1448 770 ad
1478 745 1550 771 nos
1578 731 1752 772 exiensd.
1793 733 1860 773 sed
1889 746 1962 774 nec
1990 735 2068 774 huc
2086 747 2158 774 nec
2212 767 2216 772 .

238 793 327 832 111110
365 798 457 832 tunc
491 792 607 832 venit.
665 791 805 830 iterum
843 796 972 830 autem
1009 791 1256 842 Kyrieleison
1294 791 1428 830 sedulo
1465 791 1682 842 repetitum,
1710 793 1991 834 alternantibus
2018 793 2157 843 modis,

239 852 484 892 devotissime
523 852 570 891 ad
601 852 724 890 Deum
761 851 922 891 iubilare
959 849 1072 890 altius
1109 850 1222 889 solito
1257 850 1467 902 coepimus,
1533 864 1556 890 o
1597 857 1766 902 quantus
1803 858 1885 893 erat
1926 854 2072 894 clamor
2109 855 2158 893 ad

240 912 470 951 Dominum!
529 917 674 962 quanta
702 910 884 962 suspiria!
942 915 1110 961 quantus
1151 911 1294 950 luctus!
1352 911 1540 962 plorando
1577 911 1718 964 quippe
1744 913 1991 965 Kyrieleison
2031 912 2159 954 cuncti

240 973 505 1020 cantabamus,
546 972 645 1022 qnod
685 972 878 1010 cantando
915 969 1222 1010 misericordiam
1259 970 1415 1010 Domini
1453 972 1731 1013 exorabamus:
1779 978 1984 1014 exorantes
2029 979 2158 1014 autem
2214 987 2216 1000 ¹

241 1033 342 1083 quod
373 1032 654 1082 quaerebamus
683 1029 888 1082 impetrare
918 1036 1010 1070 tunc
1038 1029 1256 1080 nequimus.
1304 1029 1380 1069 iam
1410 1031 1764 1082 advesperascebat,
1793 1033 1869 1072 iam
1897 1033 1978 1073 dies
2002 1032 2160 1074 inclina-

241 1093 342 1140 bate,
373 1097 409 1130 et
437 1104 526 1130 cum
556 1104 800 1142 speraremus
831 1091 932 1141 quod
963 1095 1117 1141 propter
1146 1095 1303 1141 peccata
1333 1095 1467 1130 nostra
1486 1091 1561 1130 hoc
1581 1091 1832 1143 contingeret,
1862 1093 1966 1143 quod
1987 1092 2026 1132 in
2045 1093 2159 1134 annis
2215 1109 2216 1116 ¹

242 1150 454 1203 praeteritis
483 1164 686 1201 nunquam
714 1155 905 1198 evenerat,
935 1149 1142 1190 meditatus
1171 1155 1230 1189 est
1258 1149 1525 1201 unusquisque
1545 1150 1584 1190 in
1604 1151 1719 1191 corde
1738 1165 1810 1191 suo
1829 1153 2038 1192 emendare
2058 1154 2160 1204 quod

241 1216 376 1250 contra
405 1210 527 1250 Deum
557 1210 780 1261 deliquerat.
829 1215 1063 1261 quapropter
1091 1209 1247 1260 quidam
1277 1209 1472 1249 discordes
1501 1211 1567 1261 qui
1595 1212 1832 1251 monasterio
1854 1211 2019 1262 inerant,
2048 1213 2161 1264 patri-

242 1271 359 1310 archa
400 1269 659 1318 conciliantes,
698 1270 910 1309 concordes
944 1269 1030 1308 facti
1069 1274 1171 1309 sunt.
1228 1269 1439 1320 Oportebat
1476 1269 1594 1319 enim,
1638 1275 1679 1310 ut
1718 1284 1805 1322 pax,
1847 1285 1924 1323 qua
1959 1271 2044 1312 sine
2080 1273 2160 1312 Deo

245 1329 338 1369 nihil
369 1330 502 1381 placet,
533 1329 736 1370 nobiscum
767 1333 881 1377 esset,
909 1334 952 1368 ut
980 1334 1017 1368 et
1046 1329 1158 1368 nobis
1187 1328 1331 1380 pacatis
1361 1334 1397 1368 ct
1427 1343 1495 1381 pro
1524 1343 1657 1370 amore
1684 1331 1767 1371 eius
1787 1332 2014 1382 emendatis,
2041 1332 2161 1372 liben-

246 1389 320 1429 tius
357 1389 625 1441 supplicationi
663 1394 818 1429 nostrae
867 1387 1096 1428 intenderet.
1167 1393 1204 1427 et
1254 1402 1343 1428 cum
1395 1389 1523 1428 adhuc
1567 1395 1654 1441 post
1695 1391 1791 1431 hacc
1833 1405 1966 1443 preces
2007 1397 2162 1432 nostras
2203 1388 2211 1421 ἶ

245 1449 462 1489 Dominus&
499 1463 578 1489 non
618 1449 848 1497 exaudisset,
892 1448 1143 1500 cogitavimus
1181 1447 1283 1488 intra
1320 1461 1392 1488 nos
1431 1454 1467 1488 et
1504 1448 1676 1501 plerique
1710 1450 2008 1502 prudentioresh
2036 1452 2162 1492 dicere

244 1514 466 1560 coeperunt,
506 1510 607 1560 quod
646 1509 819 1557 forsitan,
859 1508 1088 1560 disponente
1126 1508 1195 1548 Dei
1231 1508 1482 1559 providentia,
1522 1522 1725 1560 nunquam
1762 1511 1928 1563 amplius
1964 1511 2076 1563 ignis,
2119 1517 2161 1552 ut

244 1569 378 1608 solitus
419 1574 500 1609 erat
542 1569 752 1619 quondam,
796 1568 941 1616 veniet;
986 1568 1170 1618 quoniam
1209 1581 1368 1608 necesse
1406 1574 1487 1608 erat
1523 1569 1563 1608 in
1592 1569 1707 1610 annis
1735 1570 1962 1622 praeteritis,
1992 1585 2081 1612 cum
2109 1571 2161 1611 ibi

244 1628 466 1676 Christiani,
496 1628 629 1668 Graeci
659 1628 832 1668 videlicet
861 1633 897 1667 et
926 1627 1011 1678 Syri
1040 1627 1263 1679 paucissimi
1292 1627 1439 1668 incolae
1467 1634 1610 1678 essent,
1639 1634 1681 1669 ut
1710 1629 1810 1681 ignis
1837 1630 1912 1680 ille,
1945 1630 2045 1672 sicut
2071 1645 2160 1671 0011-

244 1694 431 1736 sueverat,
462 1701 697 1739 unoquoque
726 1700 831 1727 anno
860 1687 1024 1727 veniret:
1064 1687 1154 1738 quia
1182 1687 1213 1727 si
1242 1687 1280 1727 in
1312 1701 1391 1727 uno
1420 1701 1524 1728 anno
1553 1689 1732 1730 deficeret
1760 1690 1853 1741 quin
1882 1690 2039 1740 veniret,
2077 1705 2162 1744 pro-

246 1747 349 1787 tinus
378 1762 400 1788 a
429 1747 589 1799 paganis
617 1748 692 1787 hoc
721 1747 1010 1798 explorantibus
1040 1752 1077 1786 et
1096 1746 1380 1798 inquirentibus
1401 1761 1538 1788 omnes
1557 1749 1848 1790 decollarentur.
1892 1764 1998 1791 nunc
2016 1755 2161 1801 autem,

244 1808 333 1858 quia
359 1807 422 1846 hic
450 1807 623 1856 omnino,
655 1807 866 1858 opitulante
894 1807 987 1855 Deo,
1017 1807 1141 1846 securi
1171 1820 1320 1855 sumus,
1350 1807 1382 1847 si
1411 1821 1490 1847 non
1519 1807 1683 1848 venireti
1710 1809 1809 1849 mori
1839 1824 1917 1850 non
1938 1811 2160 1853 timemusk.

244 1881 316 1906 nos
345 1867 460 1906 etiam
490 1881 533 1906 ac
563 1867 594 1906 si
623 1880 867 1907 successores
895 1866 1016 1918 ipsius
1045 1866 1158 1918 ignis,
1188 1867 1220 1906 si
1239 1867 1365 1907 dicere
1386 1867 1460 1907 tasl
1489 1873 1558 1917 est,
1586 1868 1651 1909 hic
1670 1882 1807 1909 sumus
1835 1870 1901 1920 qui
1919 1870 2160 1912 Christianos

244 1927 339 1974 illos,
377 1940 473 1976 quos
510 1926 573 1966 hic
614 1926 833 1966 invenimus
871 1932 907 1966 et
944 1927 1205 1978 nosmetipsos
1241 1940 1331 1966 cum
1369 1926 1475 1978 ipsis,
1514 1928 1594 1967 Deo
1622 1927 1789 1977 iuvante,
1819 1943 1841 1969 a
1868 1935 1983 1981 gente
2010 1930 2162 1983 pagana

244 1987 500 2037 protegimus3
531 1987 633 2036 quod
663 1986 736 2026 nisi
765 1987 868 2026 Deus
897 2000 963 2026 eos
993 1986 1189 2026 visibiliter
1218 1986 1272 2026 sic
1299 1987 1574 2036 consolaretur,
1605 1988 1754 2028 nullum
1784 2002 1831 2028 ex
1859 1989 1914 2030 eis
1941 1989 2006 2030 hic
2032 1991 2162 2032 vivum
2194 1997 2199 2039 f

243 2046 538 2086 invenissemus.
596 2059 694 2096 quae
732 2060 823 2097 ergo
862 2046 1071 2086 necessitas
1110 2059 1182 2086 nos
1209 2046 1322 2098 cogit,
1361 2052 1402 2086 ut
1430 2046 1529 2098 ignis
1559 2049 1712 2088 veniat?
1766 2049 1863 2089 haec
1890 2050 2008 2090 verba
2035 2051 2162 2091 ethis

243 2105 537 2156 aequipollentia
563 2105 815 2157 sapientiores
844 2105 988 2145 scilicet
1015 2106 1140 2145 clerici
1168 2106 1300 2146 minus
1320 2106 1557 2158 sapientibus
1577 2108 1910 2158 demonstrabant,
1939 2110 2162 2162 ignorantes

244 2164 334 2215 quid
364 2166 467 2204 Deus
496 2166 664 2204 tacturus
694 2170 807 2205 esset.
864 2170 945 2206 erat
974 2171 1105 2205 tamen
1136 2165 1290 2216 aliquod
1321 2166 1514 2215 solatium,
1545 2167 1689 2217 quodm
1717 2180 1782 2208 eos
1811 2168 1886 2208 iam
1917 2170 2026 2209 valde
2052 2171 2186 2211 deso-.

243 2225 339 2263 latos
368 2225 702 2264 consolarenturn.
751 2230 905 2276 accepto
935 2225 1048 2276 igitur
1067 2225 1239 2273 consilio,
1269 2225 1346 2265 iam
1366 2225 1595 2266 imminente
1614 2232 1738 2276 nocte,
1767 2229 1959 2280 praecepit
1978 2229 2162 2270 omnibus

244 2283 470 2334 patriarcha,
508 2290 549 2324 ut
586 2285 633 2323 de
670 2284 906 2324 monasterio
942 2290 1130 2324 exeuntes
1164 2286 1212 2324 ad
1241 2286 1378 2324 domos
1408 2286 1465 2324 vel
1494 2286 1661 2338 hospitia
1689 2300 1760 2327 sua
1787 2287 1956 2329 abirent:
1985 2294 2027 2329 ut
2054 2290 2161 2330 locus

244 2349 512 2383 sacrosanctus
541 2349 621 2383 tota
649 2349 761 2383 nocte
790 2359 812 2383 a
839 2345 987 2384 cunctis
1018 2358 1160 2384 vacuus
1190 2350 1418 2394 remaneret,
1449 2359 1499 2385 ne
1528 2346 1619 2396 quid
1647 2338 1853 2398 spurcitiae
1890 2347 2028 2389 noxiae
2065 2348 2180 2389 forte‘

244 2403 283 2442 in
312 2404 470 2443 homine
500 2404 654 2454 aliqu00
685 2405 742 2443 vel
770 2403 808 2442 in
839 2404 983 2443 femina
1010 2403 1139 2452 lateat,
1170 2405 1272 2454 quod
1302 2404 1489 2444 voluntati
1519 2405 1587 2445 Dei
1615 2406 1673 2446 vel
1702 2405 1784 2446 eius
1820 2407 2050 2449 habitationi
2083 2409 2159 2448 dis·
2174 2414 2180 2462 j

243 2463 388 2513 pliceat.
446 2463 500 2502 sic
529 2469 775 2515 praeceptum
804 2469 862 2503 est
890 2469 926 2503 et
955 2463 1009 2503 sic
1038 2464 1180 2504 factum
1209 2470 1278 2504 est.
1327 2465 1486 2505 ecclesia
1515 2470 1628 2505 nocte
1655 2465 1718 2505 illa
1747 2479 1867 2507 vacua
1893 2468 2091 2516 remansit,
2120 2462 2164 2508 in
2178 2500 2182 2502 ἡ

244 2536 318 2572 qua
354 2536 425 2561 nec
459 2524 608 2574 lampas
647 2536 718 2562 nec
745 2524 905 2563 candela
932 2523 1079 2563 lumine
1108 2537 1270 2564 accenso
1300 2525 1590 2575 splenduerunt.
1647 2539 1763 2565 mane
1790 2531 1933 2575 autem,
1961 2539 2052 2567 cum
2079 2527 2161 2567 dies

244 2582 283 2621 S.
305 2582 476 2621 Paschae
505 2583 711 2622 clarescere
739 2582 940 2633 coepisset,
970 2584 1018 2622 ad
1048 2583 1248 2623 ecclesiam
1278 2584 1317 2623 S.
1340 2584 1512 2635 Sepulcri
1542 2584 1713 2636 undique
1731 2586 1997 2627 convenerunt
2017 2586 2163 2627 miseri-

243 2641 414 2680 cordiam
445 2642 601 2681 Domini
629 2643 756 2682 adhuc
785 2647 1064 2693 exspectantes.
1123 2648 1159 2683 et
1187 2656 1276 2683 cum
1307 2648 1399 2683 tunc
1426 2645 1475 2683 ad
1505 2644 1731 2696 Sepulcrum
1761 2645 1916 2686 Domini
1944 2646 2162 2698 patriarcha

244 2700 440 2750 ingressus
479 2701 624 2750 suisset,
665 2715 855 2752 quaerens
895 2715 942 2740 an
984 2702 1083 2753 ignis
1121 2704 1248 2742 adhuc
1275 2702 1431 2752 inesset,
1460 2717 1550 2743 cum
1580 2717 1659 2743 non
1687 2703 1910 2753 invenisset,
1939 2705 2161 2757 regrediens

244 2760 374 2799 doluit.
432 2761 499 2799 sed
530 2766 620 2799 tunc
648 2761 730 2812 ipse
752 2775 847 2800 cum
875 2761 1011 2800 ceteris
1041 2762 1310 2802 assistentibus
1338 2768 1468 2802 motus
1496 2763 1628 2803 statim
1647 2777 1827 2803 sermone
1846 2764 1909 2804 illo
1929 2765 2160 2816 evangelico,

245 2833 319 2869 quo
364 2820 552 2859 Dominus
595 2820 706 2860 dixit:
742 2824 862 2871 petite
897 2826 931 2860 et
969 2824 1174 2872 accipietis,
1210 2824 1362 2872 pulsate
1396 2829 1431 2862 et
1465 2826 1663 2873 aperietur
1698 2825 1811 2871 vobis,
1849 2824 1976 2864 adhuc
2007 2837 2161 2864 cessare

247 2880 464 2929 noluerunt,
497 2879 589 2930 quin
620 2880 759 2919 iterum
788 2881 945 2931 ipsumv
974 2881 1185 2920 Dominum
1213 2882 1288 2920 hoc
1315 2882 1579 2922 insinuantem
1607 2888 1643 2922 et
1671 2896 1753 2922 non
1776 2883 2028 2923 mentientem
2049 2879 2178 2935 prece

248 2938 453 2977 multifaria
482 2939 690 2989 pulsarent,
720 2945 762 2979 ut
790 2940 965 2988 forsitan,
996 2939 1103 2990 quasi
1130 2946 1284 2991 propter
1304 2941 1589 2993 improbitatem
1608 2942 1788 2982 clamoris
1807 2955 1942 2982 eorum
1961 2938 2179 2992 excitatus,

364 3051 381 3070 a
401 3047 632 3089 omnipotenti
650 3047 680 3088 β.
709 3065 752 3069 -
778 3045 798 3072 b
819 3057 890 3081 om.
917 3047 961 3080 ab
986 3057 1018 3089 ρ.
1048 3067 1091 3072 —-
1119 3052 1136 3074 ⁰
1156 3047 1247 3081 dieto
1275 3049 1335 3090 βρ.
1363 3069 1407 3073 -
1433 3047 1454 3075 d
1473 3050 1570 3092 rqu‘s
1593 3052 1670 3093 ipse
1694 3051 1844 3084 venisset
1867 3060 1975 3084 necne
1998 3051 2094 3093 τβρ.
2116 3069 2155 3075 -

246 3096 263 3116 0
283 3093 473 3125 inelinebat
500 3095 548 3134 β..
572 3112 612 3118 -
653 3092 937 3128 freconciliante
961 3105 1024 3137 Τρ.
1062 3114 1107 3120 —
1145 3100 1165 3126 g
1185 3106 1254 3129 om.
1289 3097 1467 3130 Dominus
1502 3107 1563 3140 Τρ.
1602 3116 1646 3122 --
1684 3097 1706 3122 h
1730 3099 2008 3140 pmcdenttomm
2042 3108 2074 3132 τ.
2114 3116 2157 3121 —-

245 3137 254 3163 i
275 3142 385 3172 veniet
410 3150 442 3182 p.
469 3160 514 3166 —
540 3138 561 3165 k
582 3143 758 3174 tinn'emus
775 3152 806 3174 T.
833 3160 880 3164 —
907 3140 916 3167 l
938 3141 1030 3184 phas
1046 3153 1077 3175 Τ.
1119 3161 1159 3166 —
1197 3149 1228 3168 m
1255 3154 1342 3185 quos
1368 3155 1396 3177 1,.
1433 3163 1477 3167 --
1511 3150 1533 3170 1¹
1554 3145 1799 3178 consolaretur
1824 3147 1885 3187 Τβ.
1920 3163 1963 3168 —
1997 3151 2018 3171 0
2037 3145 2172 3188 aliquo,

245 3186 383 3219 homine
408 3189 499 3229 Τβρ.
529 3206 569 3210 —
598 3194 617 3219 D
638 3198 708 3222 0111.
738 3191 855 3231 Ipsum
883 3190 943 3230 βρ.
