2216 3438
0 507 1 547 1
1006 499 1035 540 I.

0 550 3 639 l
65 580 287 622 Praefatio
323 580 534 620 willelmi
579 578 842 629 Grassegals
882 578 1043 618 militis
1089 578 1143 618 ad
1180 578 1405 618 Historias
1449 578 1562 618 Belli
1606 579 1722 618 sacri
1761 575 1981 630 (Pulcheri

0 645 3 652 ¹
65 652 364 698 carnotensis,
386 651 574 693 Galterii
590 650 861 696 cancellarii,
882 650 1118 690 Raimundi
1139 650 1191 690 de
1207 646 1446 702 Aguilers),
1468 661 1576 701 quas
1592 650 1689 701 regi
1703 649 1980 697 Francorum,

719 723 935 763 Ludovico
965 722 1061 769 VII,
1093 716 1341 762 offerebat}

183 797 283 839 Cum
311 796 510 838 neminem
537 797 617 838 fere
644 797 761 837 lateat
788 796 995 837 innumera
1023 801 1248 836 nostrorum
1276 801 1567 836 antecessorum
1596 796 1758 836 illustria
1785 801 1864 837 tam
1883 797 1983 837 facta

65 871 181 910 quam
221 857 334 907 dicta,
374 856 524 898 virtutis
566 856 762 909 privilegio
790 855 1000 896 memoriae
1028 856 1114 896 stilo
1142 857 1464 904 commendanda,
1506 855 1737 908 scriptorum
1765 855 1896 908 inopia
1923 857 1982 896 vel

65 918 279 960 eorundem
314 916 548 969 negligentia
581 916 691 968 quasi
719 917 767 956 ad
796 929 876 956 non
905 915 1024 956 fuisse
1052 929 1211 968 prorsus
1238 917 1404 964 redacta,
1435 915 1603 956 auctoris
1631 916 1845 968 praesentis
1879 917 1982 956 volu-

64 977 182 1019 minis
221 976 510 1018 accuratissima
550 977 620 1016 fuit
661 976 823 1016 intentio
864 981 944 1016 tam
983 975 1135 1027 insigne
1174 975 1405 1016 miraculum
1442 975 1598 1016 Domini
1638 989 1683 1016 ac
1711 976 1982 1028 Redemptoris

0 1053 1 1056 ¹
65 1036 188 1079 nostri
216 1038 304 1078 Iesu
332 1036 475 1078 Christi
503 1037 724 1077 nullatenus
753 1035 959 1088 praeterire
987 1035 1151 1076 silentio.
1207 1035 1365 1088 contigit
1402 1035 1507 1076 enim
1535 1035 1687 1076 divinae
1721 1035 1983 1088 dispositionis

67 1096 190 1150 gratia
217 1097 266 1138 ad
294 1095 536 1137 Christianae
564 1095 652 1136 fidei
690 1100 955 1147 augmentum,
993 1109 1066 1135 nec
1093 1109 1174 1135 non
1203 1096 1251 1135 ad
1279 1095 1387 1147 prius
1415 1095 1505 1135 inde
1533 1095 1795 1135 dubitantium
1823 1095 1984 1136 certissi-

6 1164 9 1179 '
65 1171 175 1198 mum
203 1158 494 1205 documentum,
522 1161 566 1196 ut
591 1155 879 1196 multitudinem
907 1155 1092 1207 paucitas,
1121 1159 1164 1195 ut
1191 1156 1412 1207 superbiam
1440 1155 1651 1204 humilitas,
1680 1160 1722 1195 ut
1741 1155 1984 1196 dolositatem

66 1216 303 1270 simplicitas,
341 1221 384 1257 ut
418 1215 731 1268 superstitionem
768 1215 961 1267 religionis
999 1215 1139 1255 veritas
1176 1215 1310 1255 bellico
1349 1220 1548 1267 superaret
1585 1215 1806 1255 certamine.
1883 1217 1984 1267 quod

67 1277 261 1318 nullarum
298 1276 437 1317 virium
474 1277 646 1325 incursu,
685 1289 754 1316 seu
791 1275 1021 1316 instantium
1057 1275 1343 1315 multitudinem
1382 1275 1563 1315 conflictu
1591 1280 1658 1315 aut
1685 1275 1882 1315 humanae
1911 1276 1984 1316 dis-

70 1336 253 1378 cretionis
288 1336 443 1386 intuitu,
480 1337 547 1376 sed
576 1335 750 1376 caelestis
778 1340 908 1376 tamen
939 1335 1128 1376 examinis
1156 1340 1362 1388 prospectu
1391 1335 1609 1375 constitisse
1636 1334 1886 1375 manifestum
1914 1341 1983 1376 est.

66 1410 221 1438 summa
255 1395 370 1448 igitur
397 1395 598 1448 sapientia,
626 1395 781 1447 gloriosi
809 1395 979 1436 nominis
1008 1396 1079 1445 sui,
1110 1409 1186 1447 quo
1215 1394 1425 1436 Christiani
1452 1408 1669 1444 censemur,
1698 1395 1984 1446 amplificationi

8 1461 11 1470 ’
66 1456 287 1505 consulens,
317 1469 367 1496 ne
394 1455 434 1495 in
462 1461 542 1496 tam
572 1455 869 1508 dispositissima
897 1456 1025 1504 domo,
1056 1456 1159 1495 velut
1186 1456 1285 1495 tanti
1305 1455 1424 1507 patris
1443 1454 1620 1503 familias,
1650 1455 1855 1495 temeritati
1882 1455 1986 1506 quic-

66 1529 184 1568 quam
217 1515 362 1564 liceret,
401 1515 671 1567 improborum
707 1515 1014 1555 incredulitatem
1052 1516 1174 1555 ferrea
1211 1515 1316 1566 virga
1346 1514 1562 1566 iudicioque
1599 1514 1744 1567 patenti
1778 1516 1984 1556 retundere

67 1577 294 1625 decernens,
322 1574 577 1616 coheredibus
606 1574 688 1615 suis
716 1575 842 1615 crucis
869 1575 980 1627 signo
1008 1575 1168 1615 munitis
1196 1574 1430 1615 fortitudinis
1458 1574 1662 1614 brachium
1681 1575 1888 1615 extendere
1908 1575 1985 1626 dig-

68 1641 183 1676 natus
228 1640 305 1685 est;
351 1635 482 1686 sicque
527 1634 611 1686 ipso
656 1634 861 1675 assistente
896 1636 1109 1686 eodemque
1146 1639 1383 1687 protegente,
1418 1634 1711 1674 memorabilem
1738 1635 1865 1685 adepti
1894 1640 1985 1675 sunt

66 1694 277 1744 victoriam,
305 1695 409 1735 unde
437 1694 736 1747 superveniente
763 1694 884 1746 gratia
924 1694 1268 1735 inmarcescibilem
1308 1699 1621 1746 promererentur
1658 1707 1858 1739 coronam,
1909 1695 1986 1735 hoc

66 1768 164 1808 opus
200 1754 329 1806 itaque
356 1759 436 1794 tam
473 1754 685 1806 egregium,
723 1760 802 1794 tam
841 1755 1061 1795 excellentis
1099 1754 1270 1794 materiei
1308 1753 1565 1805 descriptione
1607 1753 1835 1805 praeditum,
1905 1755 1984 1806 Ego

65 1813 130 1855 W.
151 1814 376 1866 Grassegals
404 1813 576 1863 nomine,
606 1814 844 1854 Vallavensis
873 1814 1007 1866 patria,
1038 1814 1148 1854 miles
1177 1813 1314 1862 officio,
1344 1813 1525 1853 ecclesiae
1559 1814 1694 1854 beatae
1721 1813 1865 1854 Mariae
1892 1814 1984 1854 Ani-

66 1873 207 1914 ciensis
233 1874 394 1914 devotus
422 1873 594 1914 aedificio
622 1879 659 1914 et
687 1873 928 1925 supradictae
956 1874 1136 1919 victoriae
1163 1874 1203 1914 in
1224 1873 1391 1913 Domino
1410 1873 1580 1924 glorians
1599 1873 1765 1913 adfuisse
1785 1874 1984 1922 beneficio,

67 1933 223 1974 domine
259 1932 464 1981 Ludovice,
502 1946 570 1973 rex
599 1934 839 1973 Francorum
873 1933 1160 1984 gloriosissime,
1199 1946 1271 1973 nec
1311 1946 1392 1973 non
1428 1932 1660 1984 Aquitaniae
1696 1933 1774 1972 dux
1812 1933 1985 1974 victorio-

52 1993 231 2041 sissime,
259 1993 328 2033 tibi
355 1998 602 2044 praesentare
630 1993 833 2045 proposui:
864 1998 1055 2044 quatenus
1083 1993 1122 2032 in
1151 2006 1208 2041 eo,
1239 1993 1340 2032 velut
1359 1992 1588 2044 in'specuIO,
1617 1997 1771 2032 tuorum
1792 1991 1985 2032 maiorum

66 2051 268 2104 imagines,
308 2052 455 2104 Vgonis
495 2052 667 2092 videlicet
711 2052 841 2104 Magni
883 2058 997 2104 atque
1035 2052 1210 2092 Rotberti
1252 2052 1501 2092 Flandrensis
1542 2051 1693 2091 comitis
1736 2057 1773 2091 et
1807 2052 1983 2101 aliorum,

68 2112 227 2152 rationis
255 2112 374 2152 oculis
402 2112 586 2152 intuearis
615 2125 826 2163 eorumque
855 2112 1013 2164 vestigia
1043 2112 1220 2164 passibus
1249 2111 1434 2151 virtutum
1463 2111 1650 2162 sequaris.
1706 2112 1826 2151 immo
1860 2111 1892 2151 si
1921 2126 1984 2152 ne-

68 2185 176 2212 cesse
211 2172 436 2223 cognoveris
474 2171 645 2224 corporis
683 2172 862 2212 exercitio
891 2172 1107 2223 actualique
1134 2172 1272 2224 gladio,
1303 2177 1345 2212 ut
1372 2171 1412 2211 in
1442 2172 1547 2211 nullo
1575 2172 1624 2211 ab
1651 2171 1724 2211 illis
1752 2172 1986 2223 degenerare

69 2231 166 2272 velle
202 2231 378 2272 videaris.
443 2231 631 2272 deliberes
669 2245 822 2283 quoque
860 2232 907 2271 ad
943 2232 1019 2272 hoc
1056 2231 1254 2283 regnantis
1293 2236 1329 2271 te
1370 2231 1631 2283 promeruisse
1672 2231 1824 2279 solium,
1868 2237 1910 2271 ut
1945 2231 1984 2272 in

72 2291 240 2340 Domini,
279 2291 388 2332 cuius
425 2291 680 2344 permissione
717 2293 765 2332 ad
803 2297 955 2332 tantum
990 2291 1151 2331 honoris
1188 2291 1340 2331 culmen
1379 2291 1630 2342 promoveris,
1668 2304 1820 2342 semper
1854 2291 1985 2342 vigiles

69 2350 309 2402 obsequium.
365 2351 464 2391 inter
501 2356 626 2391 cetera
662 2351 799 2391 humili
836 2364 949 2402 prece
985 2352 1163 2402 deposco,
1201 2364 1250 2390 ne
1286 2350 1418 2401 quavis
1452 2349 1683 2390 alienatione
1711 2365 1734 2390 a
1762 2356 1828 2390 tua
1855 2350 1934 2390 sive
1963 2365 1986 2390 a

70 2409 146 2450 tuis
180 2410 468 2451 successoribus
505 2410 745 2451 dimoveatur
782 2411 1012 2462 praesentia,
1051 2415 1092 2450 ut
1130 2411 1233 2450 unde
1271 2409 1498 2449 animemini
1537 2422 1690 2460 semper
1726 2410 1902 2450 habeatis
1936 2411 1984 2450 ad

61 2469 279 2513 consimilis
306 2470 505 2522 probitatis
533 2470 698 2511 formam
726 2470 876 2510 indicia.

1000 2573 1048 2614 II.

70 2650 151 2692 nie
182 2652 265 2692 den
295 2651 640 2692 Handschriften
671 2652 748 2692 der
777 2652 979 2692 Historia
1008 2652 1413 2704 Hierosolymitana
1450 2653 1762 2703 vorgosetzten
1792 2651 1984 2691 Inhalts-

439 2743 445 2747 ·
854 2723 1191 2763 verzeichnisse.

456 2799 492 2840 1.
526 2799 604 2841 Die
637 2799 956 2842 Verzeichnisse
987 2800 1031 2841 in
1063 2800 1147 2842 den
1179 2799 1265 2842 Hss
1300 2797 1600 2842 ΑΒΙΡΟιΟΡι.2

191 2874 449 2913 Admirabilis
473 2875 816 2925 qloriosissimeque
834 2875 1139 2914 lerosolimitane
1166 2876 1420 2925 expeditionis
1447 2876 1636 2913 istoriam.
1684 2874 1885 2912 miraculis
1911 2875 1985 2912 vir-

67 2934 216 2972 tutibus
245 2934 510 2984 prodiqiisque
541 2934 841 2983 famosissimum
879 2934 1048 2973 volumen
1081 2935 1188 2973 istud
1220 2936 1384 2973 continet
1412 2932 1459 2972 A.
1503 2956 1549 2961 ——
1589 2933 1787 2982 Incipiunt
1815 2934 1985 2983 capitula

196 3031 207 3052 ¹
232 3033 309 3077 vgl.
334 3033 426 3068 Einl.
453 3033 486 3068 S.
506 3033 551 3068 92
577 3032 641 3068 das
665 3043 709 3068 zu
736 3033 820 3069 Cod.
839 3033 870 3068 A
895 3033 1095 3069 Bemerkte.

193 3083 208 3104 ²
233 3080 273 3115 ln
299 3081 370 3115 den
395 3080 504 3115 Codd.
524 3080 556 3115 A
580 3080 654 3115 und
674 3081 703 3115 B
728 3080 809 3115 sind
829 3080 1271 3125 Kapitelinhaltsangaben
1296 3081 1359 3116 des
1378 3079 1663 3115 Verzeichnisses
1688 3080 1781 3115 auch
1805 3079 1854 3115 im
1874 3079 1986 3116 Texte

145 3126 290 3170 Anfang
315 3138 386 3162 von
411 3127 554 3171 einigen
579 3127 755 3172 Kapiteln,
778 3127 910 3172 jedoch
934 3128 1040 3163 meist
1065 3128 1102 3163 in
1127 3129 1378 3164 verandertem
1403 3128 1604 3162 Wortlaute
1629 3129 1839 3171 vorgesetzt.
1882 3127 1986 3163 Dioee

97 3172 156 3208 ind
181 3173 250 3209 alle
274 3174 325 3209 im
351 3173 768 3210 Variantenverzeichnis
791 3185 863 3210 von
888 3186 958 3211 uns
983 3175 1203 3220 angemerkt.
1254 3176 1295 3210 ln
1321 3175 1390 3210 den
1416 3175 1526 3210 Codd.
1546 3173 1688 3210 FGOR
1713 3174 1802 3210 fehlt
1827 3174 1877 3210 im
1904 3175 1985 3210 Ver-

174 3220 238 3256 ‹1ae
261 3221 391 3257 Textae
413 3221 566 3266 jegliche
590 3216 826 3258 Uberschrift.
