2216 3438
972 169 1101 205 Inhalt.

77 295 164 357 bap.
178 308 368 346 XXXVIII.
394 309 499 354 Quod
516 310 762 351 Boamundus‚
787 311 983 354 adgregato
1000 311 1170 352 exercitu.
1196 314 1331 347 terram
1355 311 1582 357 imperatoris
1600 313 1764 349 vastabat

118 384 135 401 ,
207 356 366 394 XXXIX.
390 357 443 393 De
467 357 686 440 fipgicordia
726 358 820 394 inter
859 358 1116 403 imperatorem
1157 362 1192 395 et
1233 359 1490 395 Boamundum
1539 364 1765 396 sacramento

307 430 314 436 .
403 435 405 437 ,
551 408 611 440 ata
666 431 1759 445 ........................

290 451 362 488 XL.
386 451 674 489 Deobsessione
697 453 798 488 urbis
821 453 1063 498 Tripolitanae
1090 479 1760 492 ...............

271 498 362 535 XLI.
388 500 580 544 Quomodo
604 500 692 535 urbs
716 500 871 545 Tripolis
896 504 1000 545 capta
1024 501 1070 536 sit
1088 526 1759 539 ...............

253 546 362 584 XLII.
387 547 579 591 Quomodo
604 547 756 592 Berytus
781 548 908 583 civitas
932 551 1038 592 capta
1061 548 1108 583 sit
1135 574 1758 586 ..............

238 593 362 630 XLIII.
389 594 580 639 Quomodo
616 606 679 630 rex
714 595 912 630 Balduinus
952 599 988 630 et
1022 595 1187 640 princeps
1224 596 1431 632 Tancredus
1468 600 1594 632 contra
1624 598 1761 634 Turcos

467 641 641 677 Edessam
665 642 872 677 obsidentes
897 643 1047 688 profecti
1072 646 1158 677 sunt
1183 669 1760 681 .............

241 688 362 725 XLIV.
388 689 580 733 Quomodo
605 689 726 732 Sidon,
764 700 857 734 quae
893 693 929 724 et
954 690 1092 734 Sagitta
1129 690 1270 735 dicitur,
1311 701 1332 725 a
1368 702 1452 735 rege
1478 692 1656 728 Balduino
1682 696 1718 728 et
1741 704 1764 728 a

466 736 707 772 Nori-ensibus
731 737 880 772 obsessa
904 740 1012 782 atque
1037 740 1142 782 capta
1166 737 1212 773 sit
1229 764 1757 775 ............

266 782 372 820 XLV.
397 785 451 820 De
474 783 675 820 Turcorum
698 784 855 829 pessima
876 784 1143 829 inquietatione
1166 788 1275 830 atque
1300 786 1394 829 regis
1420 786 1587 821 Balduini
1612 790 1648 822 et
1672 788 1763 822 Tan-

109 854 116 860 ·
466 831 563 866 credi
588 834 714 867 contra
737 842 799 867 eos
824 831 1047 876 profectione
1089 859 1097 867 .
1135 859 1144 867 .
1277 859 1758 870 ...........

45 886 50 893 ·
109 905 132 922 .‚
244 877 366 914 XLVI.
392 877 498 922 Quod
521 889 586 914 rex
609 879 756 923 Tyrum,
781 889 875 934 quae
899 879 968 914 Sur
991 879 1133 923 dicitur,
1157 859 1309 920 obsedit,
1335 881 1398 915 sed
1423 880 1513 916 nihil
1539 882 1691 926 profecit
1751 908 1760 917 .

70 929 75 936 ’
229 925 367 962 XLVII.
393 926 446 962 De
469 928 588 961 morte
611 926 787 961 Tancredi
813 926 984 972 principis
1039 946 1758 965 ................

212 972 367 1008 XLVIII.
391 973 447 1008 De
469 973 582 1017 signis
607 974 865 1018 apparentibus
899 1001 1758 1012 ...................

244 1019 366 1058 XLIX.
390 1020 444 1056 De
468 1021 606 1065 proelio
632 1024 758 1056 contra
781 1021 923 1056 Turcos
943 1025 1100 1066 peracto,
1134 1021 1172 1056 in
1198 1032 1270 1066 quo
1305 1033 1368 1058 rex
1398 1026 1435 1058 et
1459 1023 1651 1059 Christiani
1677 1024 1762 1059 vieti

446 1071 560 1109 .‚sunt
585 1071 622 1103 et
646 1079 710 1113 per
733 1069 803 1104 hoc
828 1069 941 1104 multa
965 1070 1063 1104 mala
1087 1073 1331 1114 provenerunt
1375 1096 1760 1107 .........

300 1142 304 1147 ⁴
323 1115 363 1151 L.
388 1115 441 1151 De
465 1118 565 1151 metu
589 1116 715 1158 nimio,
740 1116 802 1160 qui
826 1117 1016 1151 universos
1040 1120 1126 1152 tunc
1151 1117 1343 1152 cohibebat
1372 1143 1758 1154 .........

91 1190 129 1207 ‚,
300 1162 364 1199 LI.
389 1163 446 1198 De
466 1165 585 1198 terrae
610 1166 712 1198 motu
737 1166 773 1198 et
797 1165 893 1208 quod
918 1174 982 1199 rex
1007 1164 1227 1199 comitissam
1253 1164 1394 1200 Siciliae
1419 1165 1521 1200 duxit
1544 1176 1695 1201 uxorem
1749 1193 1759 1202 .

83 1236 86 1239 -
113 1237 133 1254 ,
291 1209 365 1245 LII.
391 1210 444 1246 De
466 1213 585 1246 terrae
609 1213 713 1246 motu
738 1211 862 1246 multis
885 1211 924 1246 in
949 1211 1036 1246 locis
1061 1211 1255 1246 exsistente
1279 1239 1759 1249 ...........

276 1257 368 1293 LIII.
395 1257 447 1292 De
472 1257 631 1293 exercitu
655 1258 858 1294 Turcorum
883 1262 1101 1304 congregato
1127 1262 1162 1294 et
1185 1259 1230 1294 de
1256 1260 1444 1295 obsidione
1468 1260 1691 1306 Ioppitarum
1716 1262 1763 1295 ab

467 1305 685 1340 Ascalonitis
709 1309 745 1340 et
770 1306 1082 1351 Babylonensibus
1135 1333 1760 1344 ..............

113 1378 132 1396 ‚
280 1332 370 1388 LIV.
393 1323 448 1388 De
470 1363 594 1398 pugna
618 1353 822 1388 Turcorum
858 1357 893 1388 et
919 1354 1241 1396 Antiochenorum,
1274 1354 1313 1389 in
1343 1365 1416 1399 qua
1439 1355 1655 1390 Antiocheni
1690 1355 1763 1391 vic-

461 1400 593 1436 toriam
618 1401 738 1445 adepti
763 1404 849 1436 sunt
899 1427 1761 1438 ...................

299 1445 371 1482 LV.
393 1447 448 1482 De
473 1451 590 1483 castro
614 1448 654 1483 in
677 1447 812 1483 Arabia
837 1451 1043 1483 constructo
1088 1473 1758 1485 ...............

283 1493 371 1530 LVI.
397 1494 450 1530 De
474 1494 703 1540 expeditione
727 1496 822 1539 regis
846 1496 884 1531 in
910 1496 1082 1531 Arabiam
1108 1500 1143 1531 et
1167 1496 1212 1530 de
1235 1496 1304 1541 his,
1330 1507 1424 1541 quae
1448 1496 1498 1532 ibi
1523 1497 1613 1532 vidit
1656 1524 1664 1532 .
1705 1524 1713 1532 .
1750 1525 1759 1532 .

267 1541 374 1577 LVII.
397 1541 451 1577 De
475 1542 568 1578 mari
593 1542 720 1578 Rubro
755 1569 1046 1579 .......
1056 1575 1060 1578 ,
1086 1569 1758 1580 ...............

250 1588 373 1624 LVIII.
396 1589 450 1624 De
474 1589 626 1625 flumine
650 1590 750 1625 Geon
801 1615 1759 1628 .....................

281 1635 372 1672 LIX.
394 1637 448 1672 De
471 1635 655 1682 Euphrate
708 1664 1757 1675 .......................

298 1683 372 1719 LX.
395 1684 449 1720 De
473 1685 633 1720 maxima
657 1685 862 1730 pestilentia.
885 1685 1109 1720 locustarum
1135 1711 1757 1722 ..............

285 1730 372 1767 LXL
400 1731 451 1767 De
474 1732 579 1776 signo
603 1733 712 1767 lunae
751 1758 1426 1769 ...............
1473 1751 1481 1759 ·
1511 1759 1758 1769 ......

262 1777 370 1814 LXII.
395 1779 448 1814 De
472 1782 590 1814 castro
615 1790 728 1824 prope
752 1780 886 1825 Tyrum
912 1780 1100 1815 aedificato
1138 1806 1757 1816 ..............

249 1825 372 1862 LXIII.
398 1826 452 1862 De
475 1827 579 1872 signo
604 1827 762 1862 mirabili
787 1829 824 1862 in
850 1827 925 1862 sole
951 1830 1147 1872 apparente
1181 1854 1756 1863 .............

252 1872 374 1910 LXIV.
398 1874 452 1909 De
476 1878 593 1910 morte
618 1874 712 1918 regis
738 1874 904 1909 Balduini
930 1875 1037 1919 primi
1089 1901 1760 1910 ...............

464 1921 696 1966 Epitaphium
721 1922 815 1966 regis
840 1921 1008 1957 Balduini
1044 1947 1760 1958 ................

465 2027 604 2063 Liber
628 2028 810 2063 tertius.
861 2029 921 2063 De
946 2027 1094 2072 gestis
1119 2028 1340 2063 Balduini
1365 2028 1552 2063 secundi
1609 2055 1618 2063 .
1657 2055 1665 2063 .
1703 2054 1709 2062 .

342 2086 371 2122 1.
397 2086 503 2130 Quod
528 2086 585 2122 die
610 2087 769 2122 Paschae
794 2087 993 2122 Balduinus
1018 2086 1064 2122 sit
1091 2088 1125 2122 in
1151 2097 1273 2131 regem
1300 2091 1530 2122 consecratus
1562 2114 1760 2123 .....

328 2133 374 2170 11.
399 2134 452 2170 De
475 2134 634 2169 exercitu
659 2134 878 2179 Babylonico
904 2138 1122 2178 congregato
1181 2161 1757 2170 .............

303 2181 372 2216 111.
396 2182 450 2217 De
473 2181 610 2226 proelio
636 2184 671 2216 et
695 2182 876 2217 occisione
901 2182 1209 2216 Antiochenorum
1237 2193 1318 2217 cum
1337 2181 1463 2217 Turcis
1488 2182 1727 2227 pugnantium
1748 2209 1756 2218 .

315 2227 374 2265 IV.
400 2228 507 2272 Quod
543 2239 606 2264 rex
644 2229 857 2274 Balduinus,
895 2233 1015 2264 sumta
1052 2240 1157 2264 cmce
1194 2229 1387 2271 dominica,
1428 2229 1474 2263 ad
1514 2230 1760 2264 auxiliandum

465 2275 702 2311 Antiochenis
727 2277 934 2321 properavit
993 2302 1755 2311 .................

301 2326 307 2332 ’
334 2322 376 2360 V.
401 2323 453 2358 De
478 2323 574 2358 hello
600 2326 635 2358 et
658 2323 811 2358 victoria
827 2324 959 2358 virtute
976 2324 1224 2358 sanctissimae
1249 2334 1287 2357 cl
1289 2334 1364 2358 ucis
1388 2324 1528 2368 adepta,
1554 2327 1588 2358 et
1615 2324 1659 2358 de
1683 2325 1761 2359 eius

463 2371 670 2416 receptione
695 2370 733 2405 in
758 2371 951 2406 Antiochia
994 2397 1756 2406 .................

112 2442 131 2460 ,
308 2415 367 2452 VI.
391 2417 445 2452 De
469 2418 676 2462 receptione
699 2419 854 2453 Sanctae
879 2418 995 2453 crucis
1020 2418 1057 2452 in
1083 2418 1341 2462 Hierosolymis
1369 2444 1755 2453 .........

112 2490 131 2508 ,
286 2463 363 2500 VII.
389 2463 496 2508 Quod
519 2475 583 2500 rex
607 2465 849 2510 principatum
876 2466 1144 2500 Antiochenam
1169 2465 1325 2500 obtinuit
1370 2491 1754 2500 .........

72 2514 76 2517 ’
267 2510 360 2547 vm.
388 2511 440 2547 De
463 2512 677 2547 remissione
702 2512 898 2548 exactionis
945 2538 1754 2548 ..................

304 2557 364 2595 lx.
389 2558 585 2594 DeTurcis
609 2560 835 2604 congregatis
858 2563 895 2595 et
921 2560 1147 2604 expeditione
1172 2563 1298 2594 contra
1322 2570 1384 2594 eos
1410 2560 1503 2603 regis
1559 2586 1755 2595 .....

318 2605 363 2640 X.
388 2605 441 2641 De
465 2606 694 2651 expeditione
718 2607 811 2651 regis
836 2610 962 2642 contra
987 2607 1230 2642 Damascenos
1255 2610 1290 2641 et
1315 2607 1462 2641 castello
1487 2606 1605 2641 diruto
1648 2634 1656 2642 .
1696 2634 1704 2642 .
1742 2634 1751 2642 .

305 2652 366 2688 XI.
391 2653 444 2688 De
468 2653 540 2688 alia
563 2653 790 2698 expeditione
826 2654 920 2698 regis
958 2658 1083 2689 contra
1107 2653 1371 2698 Tripolitanum
1397 2653 1586 2694 comitem
1629 2654 1759 2691 dehinc

463 2701 595 2736 iterum
621 2705 748 2736 contra
772 2701 909 2736 Turcos
946 2727 1755 2736 ..................

289 2746 365 2782 XII.
390 2748 444 2783 De
468 2748 600 2783 comite
616 2748 797 2784 Edesseno
823 2752 928 2793 capto
949 2774 1755 2783 ..................

271 2793 365 2829 XIII.
391 2795 444 2831 De
469 2806 556 2840 pace
580 2795 675 2830 inter
698 2807 829 2840 papam
856 2799 891 2831 et
908 2796 1163 2840 imperatorem
1182 2821 1754 2830 .............

276 2841 368 2877 XIV.
393 2842 446 2877 De
470 2842 650 2878 Veneticis
674 2843 901 2878 Hierusalem
927 2853 1119 2887 properare
1145 2842 1419 2887 disponentibus
1461 2868 1752 2877 .......

113 2913 130 2931 ‚
297 2888 370 2924 XV.
397 2888 477 2932 Quo
502 2893 665 2934 tempore
689 2889 758 2924 iter
781 2890 1017 2934 adripuerunt
1038 2908 1755 2925 ................

114 2960 133 2977 ,
281 2935 372 2971 XVI.
399 2935 503 2980 Quod
543 2947 606 2971 rex
643 2936 842 2972 Balduinus
878 2936 924 2972 sit
960 2941 1085 2981 captus
1122 2939 1157 2971 et
1182 2936 1395 2971 Eustachius
1432 2936 1578 2980 quidam
1617 2947 1682 2981 pro
1716 2947 1759 2971 eo

75 2982 78 2987 ”
465 2984 680 3019 constitutus
708 3007 1755 3019 .......................

223 3035 226 3038 ’
263 3028 371 3064 XVII.
398 3030 503 3073 Quod
527 3031 660 3066 iterum
685 3031 844 3076 Ioppitae
877 3042 900 3066 a
923 3031 1131 3075 Babyloniis
1155 3034 1238 3065 sunt
1262 3030 1399 3065 obsessi
1434 3034 1469 3064 et
1494 3030 1597 3066 valde
1622 3030 1755 3065 adflicti

243 3075 369 3112 XVIII.
395 3077 446 3112 De
471 3077 567 3112 bello
610 3081 647 3113 et
677 3078 828 3113 victoria
852 3078 1137 3113 Christianorum
1171 3089 1252 3112 cum
1278 3077 1404 3112 Tui-cis
1429 3077 1563 3112 auxilio
1587 3078 1622 3113 S.
1640 3078 1755 3113 crucis

262 3123 370 3159 ..XIX
396 3124 449 3159 De
472 3124 683 3169 receptione
703 3126 856 3160 Sanctae
880 3125 996 3160 crucis
1022 3124 1278 3170 Hierosolymis
1321 3150 1751 3160 ..........

291 3169 366 3206 XX.
391 3171 444 3207 De
467 3172 626 3207 adventu
651 3172 906 3207 Veneticorum
936 3175 972 3207 et
996 3172 1115 3206 navali
1147 3171 1283 3216 proelio
1309 3182 1435 3206 eorum
1461 3182 1542 3207 cum
1569 3171 1757 3207 Saracenis

1947 173 1994 209 IX

1901 279 1992 307 Seite.

1749 2056 1757 2064 .
1802 2029 1916 2063 615-

1923 317 1993 351 518

1922 411 1993 446 522

1923 459 1992 493 526

1923 506 1989 541 531

1921 553 1991 588 534

1922 648 1991 682 537

1920 742 1991 778 543

1921 836 1991 871 549

1921 884 1991 918 558

1921 931 1991 966 562

1921 979 1992 1013 564

1921 1074 1991 1108 565

1922 1121 1992 1155 574

1922 1168 1992 1202 574

1922 1215 1992 1250 578

1921 1310 1992 1344 580

1921 1404 1991 1438 586

1922 1451 1991 1485 592

1921 1498 1992 1532 594

1922 1546 1991 1579 596

1921 1593 1990 1627 599

1920 1641 1990 1674 599

1920 1688 1989 1722 602

1921 1734 1991 1769 604

1921 1783 1990 1816 605

1920 1829 1988 1863 607

1921 1877 1990 1910 609

1922 1923 1962 1957 61
1969 1924 1991 1957 3

1922 2029 1991 2063 823

1921 2088 1991 2122 615

1920 2135 1988 2169 617

1920 2182 1990 2216 620

1919 2276 1990 2310 624

1920 2371 1989 2404 629

1919 2417 1988 2451 632

1918 2464 1987 2498 633

1918 2512 1987 2545 636

1918 2558 1988 2593 638

1917 2605 1986 2640 643

1918 2699 1987 2733 646

1918 2747 1983 2781 651

1918 2794 1963 2827 65
1966 2795 1987 2826 3

1916 2841 1986 2874 655

1918 2888 1985 2922 657

1918 2982 1988 3016 658

1916 3030 1981 3062 661

1917 3076 1987 3110 664

1915 3123 1985 3156 668

1918 3171 1986 3203 669
