2216 3438
238 178 305 213 148
454 177 619 213 Fulcheri
643 177 873 213 Carnotensis
898 177 1056 213 Historia
1080 177 1415 223 Hierosolymitana.
1443 197 1488 203 —
1513 177 1590 214 Lib.
1609 177 1635 220 Ι,
1662 189 1740 223 cap.
1756 177 1798 220 V,
1823 178 1858 214 4.
1883 178 1916 213 5.

111 297 220 324 &1095
239 285 482 338 cedens⁸¹⁶,
515 288 725 342 populum
757 288 801 330 in
833 288 1066 343 aliquantis
1098 285 1302 330 deviumb
1332 288 1424 331 Deo
1461 288 1732 330 conciliabat.
1794 285 1863 342 [4]
1897 287 2158 330 Guidbertus

236 362 406 402 auteme
438 360 494 402 ob
526 360 734 403 ecclesiae
763 361 1055 415 principatum
1077 357 1320 414 turgidus¹⁷
1342 373 1504 414 papam
1526 356 1788 414 proclivemd
1808 359 2112 402 oberrantibus
2123 357 2159 382 ¹⁸

236 444 282 473 se
334 432 607 474 ostentabate
656 434 700 474 et
740 432 1011 486 apostolatus
1053 432 1255 482 officium,
1306 432 1404 474 licet
1443 432 1613 482 iniuste,
1660 432 1774 474 inter
1820 428 2162 474 consentientesf

234 503 462 545 exercebat
505 506 549 546 et
587 503 754 547 Urbani
794 504 910 546 facta
948 506 1175 558 tamquam
1216 503 1345 545 inrita
1386 499 1735 557 vilipendebat.¹⁹
1804 499 1874 557 [5]
1905 502 2110 545 Urbanus
2121 499 2158 524 ²⁰

354 639 373 658 ἃ
392 634 557 667 incidens
580 643 614 668 n.
644 653 686 658 —
712 633 733 659 b
753 644 843 675 oum,
870 645 942 669 om.
968 634 1108 668 devium
1134 645 1163 667 e.
1192 653 1234 657 —
1261 639 1278 660 0
1299 644 1380 667 vero
1404 633 1677 675 ABrnonssbp.
1704 653 1748 658 —
1774 631 2021 676 dpraeczuem
2045 642 2158 666 mur.

235 701 278 706 —-
305 687 323 707 e
343 681 542 715 ostendebat
567 691 628 716 Bo.
661 701 697 707 -
728 680 744 707 f
760 683 1056 717 consentientibus
1080 693 1113 715 o.

234 835 397 876 ecclesia
433 837 655 885 cathedrali,
694 838 797 888 quod
827 837 1021 888 plerisque
1050 837 1090 876 in
1119 836 1287 876 ecclesiis
1316 836 1604 876 cathedralibus
1632 835 1828 884 monachi,
1865 849 1947 876 non
1974 840 2018 875 ut
2044 835 2160 875 hodie
2206 827 2216 875 ,Ξ

234 895 423 945 canonici,
454 896 546 936 olim
575 910 686 937 sacra
713 897 849 937 munia
876 897 1046 936 obirent:
1077 898 1180 936 unde
1209 910 1282 936 usu
1311 902 1463 936 servato
1492 897 1706 936 etiamnum
1735 895 1776 935 in
1795 894 2006 936 Germania
2033 895 2159 935 cathe·
2209 918 2216 943 3

233 957 360 996 drales
388 955 570 996 ecclesiae
598 956 780 996 dicuntur
807 957 1056 996 Mti11ster“.
1106 957 1182 995 Der
1211 956 1471 996 Zussuchtsort
1500 957 1567 995 des
1587 956 1750 1007 Papstae
1769 955 1902 995 Urban
1922 955 1968 995 11.
1997 954 2037 994 111
2058 955 2159 994 Rom
2213 963 2216 989 ἰ

235 1029 315 1055 war
353 1017 422 1056 das
460 1015 767 1067 starkbefestigte
796 1016 905 1056 Haus
943 1017 1011 1056 der
1048 1015 1283 1067 Frangipani
1322 1030 1386 1055 am
1423 1016 1668 1055 Siidostende
1705 1017 1773 1055 des
1811 1015 1957 1055 Forum
1993 1014 2055 1054 bei
2091 1015 2159 1053 der
2208 1014 2216 1045 ἔ

233 1075 374 1116 Kirche
393 1075 515 1115 Maria
532 1075 642 1115 Nova
670 1077 806 1128 (prope
834 1076 1033 1116 ecclesiam
1065 1076 1104 1117 S.
1125 1076 1270 1115 Mariae
1289 1075 1420 1115 Novae
1448 1075 1485 1114 in
1516 1076 1681 1126 quadam
1703 1075 1925 1115 firmissima
1943 1074 2160 1114 munitione

233 1141 426 1176 moratur:
457 1135 639 1175 Bernoldi
659 1135 804 1176 Chron.
826 1137 874 1176 ad
894 1150 928 1176 a.
954 1137 1084 1184 1094),
1114 1135 1175 1175 die
1196 1136 1378 1186 Festung,
1404 1135 1444 1174 in
1465 1135 1526 1175 die
1545 1135 1644 1175 auch
1665 1136 1733 1174 der
1752 1134 1990 1186 Titusbogen
2011 1133 2158 1174 hinein-

233 1208 402 1247 gezogen
432 1209 514 1235 war
542 1195 666 1245 (siche
693 1196 822 1247 Meyer
851 1209 926 1235 von
956 1196 1123 1235 Knonau
1151 1195 1214 1243 IV,
1244 1196 1323 1234 418
1339 1195 1405 1243 ft).
1462 1195 1546 1234 Aus
1583 1194 1729 1234 dIesem
1758 1194 2042 1234 Zussuchtsorte
2077 1206 2156 1233 ver-

234 1255 389 1294 mochte
427 1256 560 1295 Urban
604 1260 683 1295 erst
728 1256 781 1295 im
819 1256 849 1294 F
851 1256 1013 1308 riihjahr
1054 1257 1156 1295 1094
1194 1256 1511 1294 herauszutreten
1551 1255 1633 1294 und
1669 1255 1746 1294 den
1782 1253 2076 1305 Lateranpalast
2112 1265 2159 1292 zu

233 1313 432 1363 beziehen,
467 1316 524 1355 als
553 1315 616 1355 ein
651 1315 836 1367 gewisser
865 1315 1082 1362 Ferrucius,
1122 1316 1209 1354 dem
1239 1314 1391 1354 Wibert
1425 1314 1551 1354 dieses
1579 1314 1764 1354 Gebaude
1791 1318 2014 1354 anvertraut
2041 1313 2158 1360 hatte,

233 1387 275 1413 es
304 1388 353 1414 an
375 1375 493 1426 Papst
511 1375 646 1414 Urban
676 1375 849 1414 verkauft
876 1375 995 1414 hatte.
1043 1375 1239 1414 Drastisch
1263 1374 1451 1414 berichtet
1469 1373 1652 1414 hieriiber
1670 1374 1752 1413 und
1771 1373 1868 1413 tiber
1886 1373 1948 1413 die
1968 1372 2160 1423 damalige

232 1433 395 1486 Notlage
424 1435 578 1474 Urbans
607 1434 801 1474 Gosfridus
831 1433 992 1474 Vindoc.
1021 1434 1060 1473 in
1091 1434 1210 1485 Epist.
1239 1434 1302 1473 lib.
1335 1434 1362 1479 1,
1393 1447 1451 1485 ep.
1475 1434 1575 1473 VIII:
1616 1433 1770 1482 „Primo
1805 1445 1923 1481 anno,
1962 1445 2038 1483 quo
2068 1463 2076 1471 .
2109 1463 2117 1470 .
2149 1463 2157 1470 .

233 1507 380 1533 nomen
408 1494 558 1534 abbatis
587 1494 751 1546 suscepi,
780 1493 908 1534 audivi
937 1493 1022 1545 piae
1051 1493 1327 1534 recordationis
1355 1494 1559 1532 dominum
1588 1506 1727 1545 papam
1749 1493 1952 1532 Urbanum
1983 1492 2021 1531 in
2043 1492 2160 1531 domo

233 1553 394 1593 Joa‘nnis
422 1554 677 1605 Fricapanem
705 1554 854 1594 latitare
882 1559 919 1593 et
947 1559 1083 1594 contra
1110 1553 1402 1594 Guitbertistam
1427 1553 1620 1593 haeresim
1649 1552 1805 1592 viriliter
1831 1552 2021 1592 laborare.
2073 1550 2160 1591 licet

233 1614 340 1653 locus
370 1619 502 1654 noster
531 1628 676 1665 pauper
704 1608 817 1662 esset,
848 1614 1015 1654 Romam
1043 1619 1172 1654 tamen
1195 1613 1293 1660 veni,
1323 1613 1423 1652 illius
1444 1612 1755 1664 persecutionum
1775 1618 1814 1652 et
1831 1612 2009 1652 laborum
2028 1611 2160 1651 volens

234 1673 425 1725 particeps
464 1674 544 1714 fieri
588 1680 625 1714 ct
662 1687 774 1714 suam
812 1687 881 1726 pro
915 1687 1028 1724 posse
1069 1687 1157 1713 meo
1194 1673 1419 1712 desiderans
1456 1673 1637 1724 supplere
1671 1671 1856 1724 inopiam,
1893 1672 1997 1722 quod
2025 1676 2063 1711 et
2091 1669 2160 1710 Dei

233 1732 355 1783 gratia
391 1733 461 1773 feci
500 1765 509 1774 .
541 1766 548 1773 .
581 1766 588 1773 .
629 1734 739 1785 quasi
773 1734 867 1773 alter
904 1733 1139 1773 Nicodemus
1176 1734 1225 1773 ad
1266 1733 1470 1772 dominum
1507 1745 1660 1784 papam,
1706 1731 1746 1771 in
1784 1732 1944 1772 domum
1978 1729 2160 1782 praedicti

233 1793 423 1832 Johannis
452 1798 565 1833 nocte
594 1794 693 1842 veni,
722 1793 788 1833 ubi
818 1807 908 1833 eum
936 1807 1035 1844 pene
1064 1793 1247 1833 omnibus
1277 1792 1556 1844 temporalibus
1584 1791 1698 1832 bonis
1726 1792 1916 1831 nudatum
1950 1804 1996 1831 ac
2033 1790 2160 1830 alieno

233 1865 321 1892 aere
350 1852 466 1892 nimis
495 1866 723 1905 oppressum
754 1853 896 1893 inveni.
949 1853 1000 1892 ibi
1030 1866 1097 1904 per
1126 1852 1462 1904 quadragesimam
1491 1848 1734 1892 mansi'cum
1761 1851 1826 1891 illo
1845 1882 1855 1891 .
1877 1882 1886 1891 .
1909 1880 1917 1889 .
1937 1881 1949 1891 .
1970 1850 2040 1890 XV
2068 1863 2160 1890 vero
2178 1846 2184 1906 f

232 1911 368 1952 diebus
397 1918 487 1952 ante
515 1914 659 1964 pascha
687 1912 933 1961 Ferruchius,
963 1926 1081 1963 quem
1099 1912 1374 1952 Lateranensis
1394 1911 1523 1964 palatii
1542 1912 1742 1951 custodem
1762 1910 1986 1951 Guitbertus
2005 1910 2158 1959 fecerat,

231 1984 299 2022 per
336 1971 596 2012 internuntios
634 1973 786 2012 locutus
824 1978 883 2012 est
920 1985 1010 2012 cum
1047 1972 1206 2011 domino
1235 1986 1345 2023 papa,
1382 1984 1574 2022 quaerens
1602 1972 1651 2011 ab
1680 1983 1727 2011 eo
1755 1969 1974 2022 pecuniam,
2001 1975 2045 2009 ut
2071 1969 2155 2022 ipse
2211 1994 2213 2007 2

232 2032 407 2071 redderet
435 2032 486 2071 illi
506 2032 644 2072 turrim
664 2037 702 2072 et
720 2033 881 2071 domum
902 2032 1017 2071 illam.
1067 2033 1171 2071 unde
1189 2032 1371 2071 dominus
1391 2045 1491 2083 papa
1509 2044 1599 2071 cum
1618 2029 1807 2082 episcopis
1826 2035 1865 2070 et
1882 2028 2159 2078 cardinalibus,

232 2090 298 2141 qui
327 2105 459 2131 secum
489 2096 611 2140 erant,
641 2093 791 2131 locutus
821 2092 870 2131 ab
899 2092 992 2143 ipsis
1021 2092 1223 2143 pecuniam
1254 2091 1462 2141 quaesivit3
1491 2092 1558 2130 sed
1586 2090 1783 2130 modicum
1802 2089 1895 2141 quid
1914 2090 2017 2142 apud
2035 2088 2156 2141 ipsoe,
2209 2098 2216 2144 J

232 2150 417 2200 quoniam
454 2150 722 2202 persecutione
758 2157 796 2191 et
832 2156 1057 2202 paupertate
1085 2151 1201 2190 simul
1230 2151 1519 2202 premebantur,
1548 2149 1722 2190 invenire
1749 2149 1885 2201 potuit.
1942 2162 2059 2201 quem
2087 2160 2158 2200 ego
2208 2143 2216 2154 '¹

231 2223 320 2249 cum
351 2224 431 2250 non
459 2211 586 2250 solum
614 2210 778 2260 tristem,
807 2224 941 2250 verum
971 2210 1087 2250 etiam
1113 2224 1204 2262 prae
1225 2210 1345 2250 nimia
1364 2210 1543 2261 angustia
1566 2209 1835 2250 lacrimantem
1855 2208 2157 2261 conspexissem,
2207 2227 2209 2256 3

231 2270 338 2321 coepi
375 2275 412 2310 et
448 2270 530 2322 ipse
566 2271 657 2310 flere
693 2276 730 2310 et
768 2271 865 2310 ssens
903 2270 1046 2310 accessi
1083 2271 1132 2310 ad
1159 2283 1249 2309 eum
1278 2270 1422 2314 dicens,
1454 2275 1494 2309 ut
1523 2282 1658 2309 secure
1685 2283 1776 2309 cum
1805 2269 2016 2309 Ferrucbio
2043 2267 2158 2308 iniret
2206 2263 2209 2290 ἶ

231 2335 399 2380 pactum.
429 2330 480 2370 ibi
510 2343 650 2370 aurum
679 2336 716 2370 et
743 2335 960 2381 argentum,
991 2343 1187 2377 nummos,
1217 2331 1344 2369 mulas
1363 2335 1400 2369 et
1420 2343 1540 2380 equos
1559 2329 1737 2381 expendi,
1766 2334 1804 2369 et
1822 2329 1878 2368 sic
1895 2328 2158 2368 Lateranense

231 2389 440 2429 habuimus
478 2396 515 2429 et
550 2390 778 2430 intravimus
810 2390 1034 2441 palatium“.
1066 2412 1111 2416 —
1145 2390 1200 2428 Zu
1230 2390 1440 2428 alienum
1470 2389 1578 2428 secit
1607 2389 1784 2429 bemerkt
1810 2389 1931 2428 Barth
1951 2389 2049 2428 298:
2085 2398 2159 2436 „ne

230 2450 411 2489 accedere
439 2449 533 2489 illud
561 2455 691 2501 posset
720 2455 757 2489 et
776 2450 926 2489 Romae
954 2449 1160 2490 residere“.
1195 2472 1240 2476 —
1271 2452 1318 2487 16
1349 2449 1502 2488 Urban
1523 2449 1566 2488 II.
1596 2449 1690 2488 hielt
1717 2448 1799 2488 sich
1829 2461 1898 2488 vor
1916 2447 2155 2499 Baginndes

231 2514 359 2548 ersten
377 2509 620 2561 Kreuzzuges
648 2509 787 2548 immer
815 2522 890 2548 nur
918 2510 978 2548 fiir
1007 2509 1165 2548 ktirzerc
1185 2509 1267 2548 Zeit
1294 2508 1334 2547 in
1356 2508 1458 2548 Rom
1486 2509 1563 2556 auf,
1594 2509 1673 2547 und
1701 2521 1805 2548 zwar
1833 2521 1920 2548 vom
1940 2507 2158 2552 November

233 2569 335 2608 1088
365 2569 423 2608 bis
452 2569 526 2608 Juli
559 2571 674 2618 1089,
705 2582 793 2608 vom
823 2569 1035 2608 Dezember
1068 2570 1170 2608 1089
1205 2568 1266 2607 his
1293 2565 1408 2619 Apris
1434 2569 1537 2606 1090
1568 2569 1648 2607 und
1686 2581 1776 2607 vom
1802 2567 2023 2607 November
2054 2566 2157 2606 1093

231 2627 290 2666 bis
319 2629 382 2668 29.
402 2628 492 2668 Juni
525 2630 638 2668 1094.
680 2628 751 2668 Die
780 2628 914 2679 iibrige
934 2628 1015 2667 Zeit
1034 2628 1260 2667 verbrachte
1279 2641 1321 2666 er
1340 2628 1380 2666 in
1400 2627 1534 2667 Mittcl-
1556 2629 1637 2667 und
1656 2627 1920 2675 Unteritalien,
1949 2625 2155 2666 ναι-11611111·

230 2687 302 2726 lich
334 2688 373 2727 in
402 2688 568 2739 Anagni,
599 2689 743 2739 Capua,
773 2688 936 2727 Salerno
970 2688 1051 2726 und
1080 2687 1289 2734 Benevent,
1329 2687 1388 2726 bis
1417 2700 1459 2726 er
1488 2686 1542 2726 im
1571 2687 1877 2739 Spatjahr1094
1905 2685 2014 2725 seine
2039 2683 2157 2724 Reise

230 2748 330 2786 nach
359 2748 610 2796 Norditalien,
640 2748 830 2787 zunachst
859 2747 957 2786 nach
978 2747 1068 2786 Pisa
1097 2748 1175 2786 und
1196 2746 1385 2786 Piaccnza
1412 2751 1552 2794 antrat,
1581 2760 1657 2786 von
1686 2747 1736 2786 da
1763 2759 1804 2786 er
1833 2747 1939 2785 dann
1966 2744 2021 2784 im
2045 2742 2156 2796 April

234 2808 334 2846 1095
363 2807 548 2847 aufbrach
579 2809 659 2847 und
689 2808 784 2846 iiber
811 2806 980 2846 Mailand
1009 2807 1108 2845 nach
1130 2807 1159 2845 F
1163 2805 1365 2845 rankreich
1395 2807 1475 2846 sich
1509 2807 1681 2857 begeben
1708 2807 1789 2845 hat.
1837 2804 1906 2844 Die
1933 2804 2156 2856 regiones

230 2865 317 2905 sind
355 2868 545 2906 demnach
586 2867 647 2906 die
676 2867 885 2918 Gegenden
915 2866 1069 2906 Italiens
1107 2867 1188 2905 und
1217 2866 1486 2914 Frankreichs,
1526 2866 1588 2905 die
1626 2879 1667 2904 er
1705 2865 1746 2905 in
1774 2866 1848 2905 den
1875 2865 2017 2904 Jahren
2053 2863 2155 2903 1088

230 2925 289 2964 bis
320 2927 422 2965 1096
461 2926 602 2966 bereist
638 2927 718 2966 hat.
760 2949 806 2953 —
847 2930 890 2964 17
921 2926 976 2965 ob
1006 2925 1237 2965 ecclesiae
1265 2925 1580 2976 principatum
1609 2925 1842 2975 turgidus:
1882 2923 2153 2975 „aufgeblasen

231 2985 279 3023 ob
309 2986 376 3024 der
404 2985 486 3024 ihm
515 2986 629 3025 zuteil
657 2987 916 3037 gewordenen
945 2985 1379 3032 Kirclienherrschat‘t“;
1410 2985 1482 3036 vgl.
1503 2984 1636 3024 hierzu
1658 2998 1683 3024 n
1703 2986 1741 3023 5.
1773 3005 1819 3011 —
1850 2986 1897 3022 18
1916 2982 2035 3022 Barth
2055 2982 2153 3023 2982
2188 3023 2189 3026 ,

229 3044 485 3094 proclivem
519 3045 875 3085 oberrantibus:
927 3044 1164 3096 „patiebatur
1202 3049 1375 3083 errantes
1415 3044 1541 3084 vivere
1575 3044 1615 3083 in
1653 3042 1823 3094 peccatis
1847 3041 1941 3090 suis,
1970 3041 2154 3081 Urbanus

229 3107 359 3141 autern
375 3103 488 3142 officii
503 3104 564 3143 sui
579 3118 715 3144 omnes
729 3118 796 3144 eos
811 3104 955 3155 ubique
970 3104 1242 3143 admonebat“.
1262 3127 1309 3132 —
1328 3107 1373 3142 19
1388 3109 1624 3154 tamquam
1643 3102 1789 3142 inrita
1807 3100 2158 3153 vilipendebat=¹

228 3161 288 3201 die
322 3175 398 3201 von
426 3163 560 3202 Urban
597 3164 652 3202 als
681 3164 799 3215 Papst
827 3164 1051 3214 vollzogene
1078 3163 1446 3213 Amtshandlungen
1478 3162 1570 3201 hielt
1597 3175 1639 3201 er
1666 3162 1728 3201 fiir
1755 3160 1931 3212 ungiiltig
1958 3159 2039 3199 und
2068 3171 2135 3198 ver

227 3220 377 3260 achtete
414 3222 470 3260 sie
506 3223 677 3262 deshalb.
724 3247 769 3251 —
813 3226 861 3262 20
894 3225 939 3270 ἐξ
974 3225 998 3262 5
1033 3235 1070 3262 u.
1101 3223 1144 3261 6:
1190 3222 1318 3261 Wann
1352 3224 1434 3261 und
1467 3224 1537 3261 wie
1574 3222 1695 3271 Papst
1739 3221 1870 3260 Urban
1912 3221 2016 3258 seine
2054 3218 2148 3258 nolle
