2216 3438
241 174 312 207 ⁶2⁴0
457 172 621 207 Fulcheri
649 171 880 207 Cat-nolensis
906 172 1061 207 Historia
1088 172 1425 217 Hierosolymitana.
1455 194 1499 199 —
1526 174 1603 208 Lib.
1621 174 1648 218 Ι,
1673 185 1750 219 cap.
1769 175 1894 220 xxm,
1919 177 1953 212 5.

115 303 141 323 a*
154 293 223 323 10³8
242 283 405 325 manda
425 283 603 325 veritate
625 295 705 324 sua
722 282 813 324 sieri
829 285 1102 336 poposcerat,
1126 283 1239 325 ultro
1257 283 1449 326 celeriter
1464 282 1802 327 transmeavit.¹2
1839 298 1927 340 quo
1946 286 2166 339 transito²²‚

240 354 359 396 illum
391 354 611 396 hominem
643 354 697 396 de
729 354 916 396 flammis
948 357 1179 396 exeuntem
1210 357 1449 410 tamquam
1471 369 1596 398 reum
1617 356 1660 398 in
1683 358 1780 399 cute
1802 359 2042 400 crematum
2064 371 2167 400 con-

240 423 502 480 spexeruntb
546 428 588 467 et
630 425 696 467 ine
736 423 980 468 interiorisd
1026 426 1219 480 corporis
1259 429 1384 480 parte
1427 427 1595 469 laesum
1643 430 1808 470 mortee
1851 428 2165 472 intellexerunt.

239 498 357 551 quod
400 497 530 539 etiam
571 498 632 540 rei
665 498 804 539 exitus
841 495 1113 548 declaravitf‚
1154 511 1253 539 cum
1285 498 1355 539 die
1387 498 1491 539 Xll⁰
1523 499 1617 553 ipso
1650 504 1841 553 angoreg
1871 498 2166 543 cauteriatush

238 566 398 611 obiit.¹³
472 566 540 623 [ὃ]
583 571 626 611 et
671 569 773 623 quia
818 569 874 611 ob
917 570 1130 611 honorem
1170 571 1214 610 et
1254 582 1448 611 amorem
1479 570 1558 612 Dei
1602 583 1755 613 omnes
1800 571 1998 614 lanceam
2030 569 2167 614 illami

357 699 377 719 ¹³⁴
402 697 585 727 transacto
611 703 701 727 ΗΚΒ.
737 712 779 718 -
806 692 828 719 b
854 694 1077 734 flammantis
1101 693 1199 727 ultro
1226 693 1322 736 [ntro
1347 693 1382 737 n]
1409 695 1572 728 celeriter
1595 696 1841 730 transmeavit.
1892 706 1960 739 qno
1985 699 2168 730 transacto

237 740 460 784 [transancto
486 740 533 784 ¹³]ae
567 741 674 776 illum
704 741 880 774 hommem
913 744 1020 784 quasa·
1050 752 1151 776 reum
1177 744 1215 775 in
1242 746 1321 775 cute
1342 743 1502 785 flammis
1526 747 1722 777 crematum
1746 744 1914 777 vider-unt
1937 745 2167 786 ΑΒι-ηιβδμ.

239 808 282 813 —-
317 795 335 815 0
361 800 433 824 om.
460 790 500 822 in
535 799 591 823 κε.
627 807 668 813 —
705 787 726 814 d
755 791 923 822 interiori
948 790 1293 831 aerumpna-abu.
1330 809 1375 814 —
1411 796 1428 815 θ
1448 791 1543 824 mori
1565 791 1636 832 δμ;
1671 792 1781 825 morta·
1802 793 2095 835 ABFfllxonsss.
2125 810 2167 815 —

237 836 252 863 s
269 839 361 882 quod
385 839 442 872 rei
465 837 584 871 exitus
608 839 820 871 monstravit
846 838 1074 879 ΑΒΡιΒβδμ.
1104 856 1145 861 ——
1172 843 1193 869 g
1212 839 1289 881 ipse
1313 848 1439 872 anam-e
1463 849 1486 872 1.
1512 857 1558 861 —
1584 837 1605 864 h
1625 837 1726 873 deest
1751 839 1966 882 anrnssbu.
1993 858 2039 865 —
2064 839 2075 865 1
2095 849 2167 874 om.

237 886 341 920 illam
365 885 625 928 ΑΒΡιοΒβδμ.

237 1019 409 1059 Grubers
430 1018 636 1069 Enzyklop.
657 1031 687 1057 s.
710 1031 744 1057 v,
770 1017 1014 1066 „Ordalien“.
1047 1040 1093 1045 —-
1125 1020 1171 1057 12
1201 1018 1328 1057 ultro
1349 1017 1570 1057 celeriter
1588 1016 1916 1057 transmeavit:
1950 1030 2015 1066 „er
2033 1017 2168 1058 schritt

237 1080 358 1118 durch
388 1080 464 1118 den
494 1078 681 1117 Holzstot}
710 1078 857 1116 schnell
889 1078 989 1117 nach
1019 1079 1088 1117 der
1119 1079 1267 1117 andern
1299 1078 1403 1118 Scite
1430 1078 1666 1117 hindurch‘.
1711 1076 1823 1116 Nach
1851 1076 2070 1118 Raimunds
2099 1078 2167 1117 Be-

237 1140 336 1180 richt
365 1140 442 1178 283
461 1139 488 1177 F
522 1138 625 1178 habe
659 1151 701 1177 er
729 1137 811 1176 sich
843 1137 1031 1177 vielmehr
1060 1137 1148 1177 eine
1177 1138 1351 1189 Zeitlang
1379 1137 1586 1177 innerhalb
1615 1138 1682 1176 des
1710 1136 2052 1177 Scheiterhaufens
2084 1139 2167 1178 auf-

235 1200 414 1251 gehalten
454 1221 501 1225 —
545 1211 634 1248 „per
662 1197 830 1249 spatium
859 1198 1054 1248 quoddam
1082 1197 1122 1236 in
1151 1198 1278 1237 medio
1307 1197 1407 1248 ignis
1443 1198 1668 1237 demoratus
1702 1197 1782 1236 est“
1817 1217 1866 1224 —
1896 1196 1995 1246 weil,
2025 1197 2098 1237 wie
2126 1211 2184 1243 ers

237 1260 423 1307 nachher,
453 1258 510 1298 als
539 1271 631 1297 man
661 1259 735 1296 den
757 1257 1198 1297 Schwerverwundeten
1229 1257 1267 1297 in
1299 1259 1368 1297 das
1389 1257 1472 1296 Zelt
1492 1257 1710 1296 Raimunds
1728 1256 1914 1308 gebracht
1933 1257 2051 1304 hatte,
2080 1270 2167 1296 aus·

238 1325 357 1370 sagte,
397 1318 477 1358 ihm
508 1317 686 1357 Christus
721 1316 949 1356 erschicnen
979 1323 1095 1365 ware,
1136 1319 1204 1356 der
1233 1317 1300 1356 ihn
1331 1331 1381 1357 an
1410 1318 1478 1356 der
1507 1317 1624 1356 Hand
1653 1317 1782 1367 gesafit
1811 1317 1893 1356 und
1921 1329 1968 1356 zu
1996 1315 2079 1357 ihm
2107 1330 2168 1368 ge-

238 1379 431 1431 sprochen
469 1378 589 1417 habe:
633 1377 746 1427 „quia
782 1376 965 1416 dubitasti
1002 1378 1049 1416 de
1084 1377 1308 1417 inventione
1345 1378 1515 1425 lanceae,
1553 1389 1644 1416 cum
1673 1377 1809 1416 beatus
1837 1376 2015 1417 Andreas
2042 1382 2168 1416 osten-

238 1439 357 1479 disset
392 1437 459 1477 tibi
495 1450 594 1485 eam,
632 1450 710 1476 non
741 1436 796 1476 sic
825 1436 1007 1476 transibis
1036 1436 1218 1484 inlaesus,
1248 1437 1316 1476 sed
1345 1437 1541 1476 infernum
1570 1450 1651 1476 non
1681 1435 1867 1485 videbis“‚
1905 1436 2045 1476 darauf
2067 1437 2169 1477 habe
2200 1487 2201 1490 Ἴ

238 1512 279 1538 er
300 1499 368 1538 ihn
387 1497 623 1548 losgelassen
655 1519 703 1524 —
735 1497 816 1535 und
836 1496 956 1543 daher
977 1497 1116 1536 kamen
1137 1498 1235 1536 auch
1259 1496 1367 1536 seine
1386 1497 1704 1536 Brandwunden.
1751 1495 1888 1536 Gewiss
1910 1496 1979 1536 hat
2003 1496 2169 1536 Fulcher
2214 1536 2216 1538 ,

237 1559 377 1608 gerade
406 1557 531 1596 dieser
561 1557 928 1607 wundersiichtigen
958 1557 1206 1608 Darstellung
1233 1557 1454 1608 gegeniiber
1483 1557 1630 1604 betont,
1664 1556 1741 1596 da&
1769 1556 1838 1596 des
1865 1555 2168 1596 Lanzentinders
2214 1568 2216 1572 ·

237 1617 464 1657 Aulenthalt
492 1616 531 1655 in
562 1617 630 1655 der
650 1617 824 1655 Flamme
851 1617 948 1656 eben
979 1630 1054 1655 nur
1083 1616 1123 1656 in
1153 1617 1368 1656 schnellem
1394 1615 1628 1656 Durcheilen
1661 1615 1784 1655 durch
1817 1615 1921 1655 diese
1953 1616 2168 1655 hestauden
2212 1638 2215 1660 ;

237 1677 338 1716 habe
368 1678 448 1716 und
478 1689 518 1716 er
547 1676 726 1715 dennoch
758 1676 816 1715 bis
846 1690 934 1715 zum
955 1676 1063 1716 Tode
1084 1677 1309 1716 verwundet
1327 1676 1396 1716 auf
1411 1677 1480 1715 der
1499 1676 1649 1715 andern
1670 1674 1774 1714 Seite
1791 1675 2167 1726 herausgekommen

238 1737 304 1777 sei.
354 1736 469 1775 Siehe
499 1749 524 1775 n
549 1737 608 1774 13.
642 1758 687 1763 —
720 1738 766 1774 13
794 1735 867 1775 die
894 1736 984 1775 ΧΙΙο
1012 1749 1189 1787 angore
1218 1735 1515 1775 cauteriatus
1544 1734 1677 1775 obiit:
1713 1747 1810 1783 „von
1831 1734 2168 1786 Gewissensangst
2208 1764 2212 1789 5

236 1795 558 1847 gebranntmarkt
587 1795 635 1834 ist
663 1809 705 1834 er
733 1809 796 1834 am
830 1797 890 1835 1⁶2.
913 1796 1030 1846 Tage,
1061 1797 1097 1835 d.
1118 1795 1142 1835 i.
1173 1809 1237 1835 am
1265 1797 1328 1835 20.
1350 1795 1461 1846 April
1493 1796 1607 1843 1099,
1637 1795 1890 1846 gestorbcn“;
1919 1794 2028 1834 siehe
2048 1794 2167 1834 HChr
2208 1790 2213 1825 3

237 1857 303 1896 Nr.
325 1857 416 1896 367.
464 1855 572 1895 Nach
604 1855 768 1894 Fulcher
796 1855 845 1894 ist
873 1855 1171 1894 Bartholomaus
1200 1855 1270 1894 mit
1289 1855 1595 1894 Brandwunden
1624 1854 1786 1894 bedeekt
1813 1855 1895 1894 und
1921 1867 1973 1894 an
2002 1853 2166 1894 inneren
2184 1853 2210 1902 v‚³

237 1915 502 1967 Korperteilen
533 1914 674 1954 todlich
705 1914 862 1954 verlctzt
890 1928 960 1954 aus
989 1916 1064 1954 den
1095 1915 1297 1955 Flammen
1326 1916 1656 1966 herausgetreten.
1714 1913 1798 1953 Von
1828 1914 1904 1953 den
1933 1913 2164 1965 Vorgangen
2198 1903 2216 1968 l}

238 1977 343 2024 aber,
382 1975 444 2014 die
481 1975 563 2014 sich
603 1974 854 2014 unmittelbar
891 1975 990 2014 nach
1029 1976 1168 2014 dessen
1196 1974 1363 2014 Austritt
1400 1988 1469 2014 aus
1504 1975 1593 2014 dem
1623 1975 1746 2013 Feuer
1781 1973 1991 2025 abgespielt
2023 1974 2167 2024 haben,
2204 1950 2216 2028 ll

237 2032 425 2085 schweigt
457 2048 499 2074 er
526 2035 606 2073 und
637 2035 771 2073 betont
802 2047 888 2081 nur,
918 2035 994 2073 da&
1023 2035 1091 2073 der
1119 2034 1269 2073 Beweis
1298 2034 1426 2073 seiner
1455 2034 1600 2074 Schuld
1629 2034 1810 2073 erbracht
1837 2034 1983 2082 wurde,
2013 2033 2098 2073 weil
2125 2046 2168 2072 er
2202 2028 2208 2117 t

241 2097 288 2134 12
310 2095 415 2146 Tage
444 2099 574 2145 spater
602 2095 808 2144 gestorben
839 2093 898 2132 ist.
942 2093 1068 2133 Raim.
1091 2095 1168 2132 284
1186 2094 1218 2132 B
1246 2095 1416 2145 dagegen
1447 2094 1594 2133 erzahlt
1623 2094 1719 2132 iiber
1745 2093 1801 2133 sie
1820 2093 2036 2144 folgendes:
2070 2093 2167 2141 „hoe
2201 2119 2206 2166 i

238 2168 362 2194 unum
402 2167 481 2193 non
522 2153 885 2205 praetermittamus.
951 2158 1158 2204 postquam
1196 2154 1335 2192 Petrus
1373 2153 1670 2192 Bai-tholomeus
1708 2166 1776 2204 per
1812 2151 1943 2204 ignem
1978 2151 2206 2213 transivissj

236 2215 323 2254 licet
361 2214 528 2253 multum
565 2217 758 2252 aestuaret
787 2212 1023 2260 incendium,
1054 2217 1185 2252 tamen
1215 2213 1381 2264 populus
1411 2213 1521 2252 avide
1549 2212 1704 2252 titiones
1732 2211 1884 2264 collegit
1911 2217 1950 2252 et
1977 2213 2157 2252 carbone
2200 2215 2203 2219 ⁴

236 2288 325 2313 cum
365 2273 505 2320 cinere,
545 2278 586 2311 ut
622 2273 661 2311 in
690 2271 796 2311 brevi
826 2271 950 2323 spatio
978 2272 1074 2311 nihil
1103 2272 1194 2311 inde
1221 2274 1435 2323 adpareret.
1493 2272 1532 2311 in
1563 2272 1637 2311 fide
1665 2271 1811 2312 etenim
1838 2271 1995 2312 illorum
2022 2271 2106 2311 mul

237 2348 304 2385 per
341 2334 437 2372 haec
479 2332 638 2371 virtutes
677 2337 857 2383 operatus
896 2336 954 2370 est
993 2337 1125 2382 postea
1163 2331 1366 2371 Dominus.
1425 2337 1466 2371 ut
1503 2344 1592 2371 vero
1621 2331 1759 2371 Petrus
1793 2332 1842 2371 de
1868 2330 1958 2382 igne
1985 2344 2116 2383 egress
2150 2348 2167 2364 ἐ

236 2399 306 2441 est,
344 2393 398 2432 ita
435 2397 477 2431 ut
511 2405 584 2431 nec
621 2391 751 2431 tunica
779 2391 862 2430 eius
892 2391 1096 2430 combusta
1124 2391 1235 2430 suerit
1265 2391 1384 2440 [nach
1415 2392 1564 2431 Bartolf
1589 2392 1666 2430 507
1684 2391 1717 2430 D
1745 2391 1838 2431 aber
1868 2391 1998 2430 nudus
2025 2402 2122 2442 rogu
2148 2409 2161 2432 εἴ
2199 2387 2201 2390 ’

236 2451 487 2505 pertransiitJ,
518 2465 591 2491 nec
619 2451 734 2491 etiam
769 2464 924 2502 pannus
958 2450 1020 2490 ille
1049 2451 1323 2490 subtilissimus
1353 2452 1400 2490 de
1429 2465 1506 2502 quo
1534 2451 1670 2491 lancea
1697 2450 1870 2490 involuta
1897 2455 1980 2490 erat
2007 2450 2163 2501 signu-¹.
2196 2458 2201 2477 e

235 2511 396 2552 alicuius
433 2511 613 2551 laesionis
647 2511 860 2559 habuisset,
899 2511 1044 2561 accepit
1081 2524 1171 2549 eum
1209 2511 1338 2550 omnis
1375 2512 1553 2562 populus,
1593 2524 1684 2550 cum
1712 2510 1903 2561 signasset
1930 2522 1998 2549 eos
2026 2515 2141 2551 tenen
2189 2503 2200 2557 ,ἶ

236 2585 356 2612 manu
384 2573 560 2611 lanceam
589 2576 626 2610 et
655 2571 859 2611 clamasset
887 2571 964 2610 alta
991 2583 1083 2609 voce
1104 2571 1227 2609 Deus
1257 2571 1445 2622 adjuva!
1494 2570 1642 2621 accepit
1661 2583 1764 2618 eum,
1791 2570 1964 2620 inquam,
1993 2575 2031 2609 et
2050 2574 2085 2608 tr
2120 2568 2149 2603 z'·

237 2646 325 2671 eum
355 2645 423 2683 per
452 2637 593 2671 terram
623 2636 660 2670 et
689 2630 927 2670 conculcavit
955 2643 1045 2669 cum
1075 2630 1202 2669 omnis
1232 2644 1356 2681 paene
1386 2631 1450 2670 illa
1478 2630 1684 2670 multitudo
1712 2629 1856 2681 populi,
1885 2631 1979 2669 dum
2000 2628 2140 2679 quisqu
2194 2626 2197 2648 ¹

236 2692 386 2731 volebat
426 2705 516 2730 eum
554 2696 712 2742 tangere
748 2691 807 2730 vel
845 2690 1016 2741 accipere
1045 2691 1092 2728 de
1120 2690 1351 2729 vestimento
1379 2690 1461 2729 eius
1490 2690 1647 2740 aliquid,
1676 2694 1712 2729 et
1741 2690 1835 2728 dum
1864 2689 2045 2728 credebat
2072 2700 2137 2728 eu·
2192 2730 2195 2741 ἶ

237 2765 322 2790 esse
350 2751 555 2801 quisquam
585 2751 684 2801 apud
715 2750 844 2789 alium.
892 2749 1021 2800 itaque
1050 2749 1122 2788 tria
1151 2750 1210 2788 vel
1239 2755 1405 2799 quatuor
1434 2751 1593 2789 vulnera
1612 2750 1785 2788 fecerunt
1807 2747 1848 2787 in
1868 2748 1951 2787 eius
1969 2746 2163 2788 cruribu

237 2811 479 2850 abscidentes
516 2812 563 2849 de
600 2823 717 2849 carne
755 2810 854 2857 eius;
902 2814 939 2848 et
976 2808 1130 2859 spinam
1168 2809 1272 2848 dorsi
1312 2809 1395 2848 eius
1437 2808 1740 2859 confringentes,
1780 2811 2015 2859 crepuerunt
2055 2818 2145 2847 eum

237 2870 469 2921 exspirasset
498 2870 548 2908 ibi
577 2870 762 2917 animam,
793 2869 867 2907 nisi
887 2868 1131 2907 Raimuudus
1155 2868 1274 2916 Pelet,
1304 2868 1415 2907 miles
1447 2868 1709 2907 nobilissimus
1739 2873 1775 2907 et
1804 2867 1923 2915 sortis,
1952 2866 2071 2905 fultus
2102 2883 2111 2900 τ

238 2929 342 2968 mine
371 2929 578 2980 sociorum,
607 2928 816 2980 inrupisset
845 2928 884 2966 in
913 2941 1053 2978 agmen
1084 2928 1220 2967 turbae
1249 2929 1425 2967 turbatae
1453 2933 1490 2967 et
1518 2941 1642 2978 usque
1670 2928 1718 2966 ad
1751 2933 1916 2966 mortem
1951 2938 2125 2977 pugnan
2145 2933 2155 2957 ι’

235 2989 436 3027 liberasset
470 3002 572 3027 eum.
629 2989 695 3027 sed
731 3001 803 3027 nos
839 2987 878 3026 in
908 2986 1163 3025 sollicitudine
1191 2991 1228 3025 et
1256 2987 1294 3024 in
1325 2988 1503 3037 angustia
1530 2988 1646 3026 modo
1675 2986 1800 3037 positi,
1829 2985 1996 3036 amplius
2024 2986 2072 3024 de
2108 2982 2138 3019 1¹,
2160 3006 2168 3011 -

238 3048 406 3086 scribere
436 3061 514 3086 non
544 3049 792 3098 possumus“.
850 3045 1059 3085 Inwieweit
1087 3060 1179 3085 man
1210 3047 1283 3084 den
1316 3046 1479 3085 Worten
1510 3046 1727 3086 Raimunds
1757 3044 2144 3086 fflauben.schenk
2186 3076 2189 3080 .

238 3107 358 3154 dtirse,
397 3108 564 3146 dartiber
603 3108 676 3157 vgl.
707 3107 817 3145 Klein
848 3108 899 3145 79
915 3106 951 3144 ff.
1007 3105 1116 3144 Nach
1156 3105 1237 3143 ihm
1277 3106 1380 3144 scien
1425 3106 1507 3154 „die
1537 3106 1723 3152 Scharen,
1760 3105 1819 3144 die
1847 3104 1926 3143 sich
1956 3104 2026 3143 auf
2047 3104 2116 3143 Pet
2129 3110 2139 3133 ἶ

239 3170 421 3213 stiirzten,
451 3168 531 3205 und
560 3166 633 3213 die,
663 3167 810 3205 welche
839 3166 906 3204 ihn
936 3170 1112 3212 retteten,
1131 3165 1298 3203 Akteurs
1327 3165 1433 3203 einer
1462 3166 1541 3204 und
1561 3165 1776 3212 dei-selben,
1805 3177 1879 3203 von
1899 3164 1968 3202 der
1985 3161 2131 3214 gleich2
2171 3188 2173 3192 -

240 3225 358 3276 Regie
396 3225 597 3276 geleitetcn
627 3226 783 3277 Truppe
821 3238 1012 3276 gewesen‚
1051 3225 1167 3264 deren
1199 3225 1373 3275 Aufgabe
1402 3237 1443 3263 es
1472 3238 1566 3270 war,
1595 3225 1704 3263 dasur
1733 3237 1780 3263 zu
1809 3237 1960 3274 sorgcu,
1995 3223 2071 3263 dass
2106 3238 2143 3262 nt
