2216 3438
7 160 14 215 ξ
122 141 287 196 Pulcheri
296 145 527 195 carnotensis
536 157 692 193 Historia
704 155 1040 201 Hierosolymitana.
1050 177 1094 182 —
1105 156 1180 191 Lib.
1190 155 1249 198 111,
1257 167 1334 200 cap.
1344 155 1482 196 XXXV,
1490 155 1524 190 4.
1533 155 1566 190 5.
1576 167 1584 196 ;
1593 165 1670 200 cap.
1679 154 1834 195 XXXVI,
1847 155 1877 189 1.
1918 154 1986 190 745

10 283 11 286 ’
61 273 224 323 tempus
262 281 370 322 quae
408 270 508 310 sunt
532 267 808 329 'disponenda
838 265 1077 319 disponere;
1118 269 1164 308 ut
1195 264 1608 319 Hterosolyme'tanae
1638 264 1832 306 ecelesiae
1862 263 1984 306 urbes

62 341 162 384 illas
201 343 240 384 et
270 333 523 393 provincias
561 337 844 387 concedamus,
877 351 985 392 qaae
1007 350 1091 391 per
1117 337 1292 392 ylortost
1324 338 1436 391 reyts
1467 335 1683 378 Balduini
1706 335 1987 388 prudentiam

61 425 113 456 ac
154 413 414 455 exercituum
453 423 546 452 eum
581 410 870 463 sequentium*
908 409 1117 463 sanquine
1144 423 1224 462 per
1253 406 1338 451 Dei
1375 408 1564 463 ⁴qratiam
1600 406 1842 461 adquisitae
1871 410 1984 450 sunt.

63 482 131 540 [4]
158 482 398 537 praesentis
426 479 596 536 itaqueb
625 481 778 524 decreti
805 481 968 535 paye'na
1000 480 1090 532 tibi,
1120 480 1262 533 frater
1294 482 1516 523 carissime
1544 483 1583 522 et
1605 481 1841 532 coepiscope
1865 478 1984 521 the-

2004 275 2107 301 a.1111

63 555 162 606 line,
217 557 384 608 tuisque
437 552 744 596 successoribus
794 557 832 595 et
875 566 957 605 per
1010 565 1082 595 cos
1111 556 1284 595 sanctae
1328 552 1748 605 Hierosolymitanae
1794 550 1987 593 ecclesiae
2043 560 2045 562 ·

57 625 369 681 patriarchali⁰
399 625 714 678 metropolitano
743 622 885 666 ’ἱιινε11
917 624 1123 680 reyenctas
1144 622 1513 677 disponendasque
1532 620 1776 666 sancimusd
1799 622 1988 665 civitates

63 709 203 741 omnes
242 700 366 751 atque
400 695 657 750 provincias,
697 709 805 750 qaas
843 696 920 738 snb
952 697 1193 750 praedaene
1232 695 1342 750 reyis
1373 693 1556 738 ditioner
1583 698 1658 737 aut
1689 695 1775 736 iam
1808 694 1988 736 restituit

14 811 18 813 ,
64 772 140 812 aut
170 771 216 812 in
244 768 442 823 futurum
472 771 688 810 restituere
717 768 868 811 (ticina
897 768 1042 822 qratia
1073 767 1333 822 (liqnabe'tur.
1381 765 1456 822 [5]
1487 767 1665 822 dignum
1696 769 1754 808 est
1785 766 1907 816 enim,
1943 769 1988 807 ut

66 840 258 894 Sepulcri
287 839 488 884 dominici
527 840 697 883 ecclesia
735 841 962 882 secundnm
998 839 1190 893 fidelium
1229 839 1411 882 militam
1448 838 1663 882 desidere'a
1695 840 1988 891 competentem

63 913 258 956 honorem
268 909 303 935 ¹²
342 911 523 955 obtineat
562 915 601 954 ct
637 912 872 954 Tarcornm
909 916 1010 954 seng
1048 912 1358 954 Saracenorum
1400 911 1495 966 layo
1535 910 1667 953 libera
1707 910 1754 952 in
1805 909 1987 952 Clzristt-

65 997 243 1027 anorum
273 997 404 1027 manu
435 981 754 1027 abundantiush
785 982 1002 1026 exaltetur.

926 1090 1120 1132 XXXVI.

498 1170 559 1210 De
590 1170 868 1221 portionibus
899 1170 1019 1209 circa
1049 1169 1212 1221 Tyrum
1243 1164 1552 1209 distributis¹.¹

0 1231 25 1279 ⁸⁶
185 1243 254 1302 [1]
286 1247 476 1303 Expletis
514 1249 661 1290 autem
701 1247 820 1302 apud
852 1247 1030 1302 Tyrum,
1072 1249 1202 1301 prout
1233 1246 1438 1300 oportuit,
1480 1245 1664 1299 negotiis
1696 1248 1740 1287 et
1770 1245 1986 1299 tripartita

8 1330 9 1338 ¹
68 1315 305 1364 divisione²
346 1318 572 1374 'dispositis
614 1321 657 1361 et
699 1318 1056 1374 aequiparatione
1112 1315 1333 1372 congrua³
1382 1317 1555 1360 duabus
1602 1314 1988 1371 proportionibusk

7 1361 10 1480 i
187 1420 208 1441 ⁸
220 1415 511 1459 persequentium
536 1414 599 1455 nss.
628 1431 668 1437 --
696 1411 718 1438 b
735 1412 836 1447 deest
861 1413 921 1455 δμ.
949 1432 994 1437 —-
1019 1417 1037 1439 θ
1056 1411 1138 1446 add.
1163 1423 1225 1446 seu
1250 1413 1341 1454 αιιβ.
1371 1431 1410 1437 -
1438 1410 1459 1438 d
1478 1415 1662 1447 saue-imus
1682 1413 1726 1454 μ’.
1755 1430 1798 1435 -
1824 1418 1842 1438 0
1861 1422 1990 1456 supra·

7 1481 10 1490 ·
73 1463 163 1498 dicta·
184 1463 306 1505 rcass.
333 1482 378 1488 —
406 1459 604 1496 sditionem
629 1462 835 1503 Aarooass.
866 1479 903 1484 —
939 1466 959 1492 8
979 1460 1031 1494 cel
1056 1460 1119 1502 δμ.
1157 1477 1194 1484 -
1230 1459 1251 1486 h
1270 1458 1329 1494 hic
1354 1458 1485 1494 desinit
1511 1460 1589 1495 cod.
1608 1471 1640 1495 0.
1678 1480 1722 1486 —
1757 1459 1767 1486 ¹
1788 1461 1991 1494 constitutis

8 1529 9 1534 =
67 1512 133 1554 δμ.
161 1528 200 1535 -
228 1508 251 1536 k
266 1509 495 1554 portionibus
520 1509 540 1543 δ
549 1519 584 1552 μ.

67 1607 136 1646 der
162 1605 358 1653 Wechsel,
400 1605 475 1644 den
504 1604 594 1644 Gott
631 1605 878 1655 angeordnet'
904 1604 985 1651 hat,
1028 1604 1096 1643 der
1135 1604 1234 1643 nach
1264 1604 1398 1643 Gottes
1427 1603 1571 1642 Willen
1599 1604 1819 1655 gescheheu
1848 1603 1908 1642 ist.
1943 1625 1987 1630 —-

17 1675 18 1678 ’
66 1669 108 1706 11
136 1665 207 1706 ius
235 1664 556 1717 patriarchale
585 1669 628 1704 et
655 1664 1098 1715 metropolitanum:
1136 1664 1206 1704 das
1235 1664 1371 1711 Recht,
1409 1664 1478 1703 das
1520 1676 1595 1702 von
1624 1664 1699 1702 den
1730 1662 1989 1703 patriarchen

74 1726 155 1766 und
196 1724 667 1777 Metropolitanbischofen
709 1724 898 1776 ausgeiibt
943 1724 1052 1764 wird.
1097 1746 1143 1751 —
1195 1726 1239 1762 12
1279 1728 1552 1775 competens
1602 1723 1776 1762 honor:
1828 1722 1890 1762 die
1930 1736 1991 1774 ge·

70 1785 273 1826 biihrende
301 1785 415 1824 Ehre.

186 1849 207 1885 1
234 1845 304 1884 Fu.
341 1845 422 1896 gibt
459 1845 562 1884 noch
597 1857 686 1884 zum
715 1844 899 1883 Schlusse
929 1843 1057 1883 seines
1086 1844 1284 1883 Berichtes
1314 1844 1409 1883 iiber
1437 1843 1497 1883 die
1525 1844 1766 1895 Belagerung
1795 1844 1875 1882 und
1904 1843 1991 1883 Ein-

12 1951 13 1955 ,
71 1906 216 1946 nahme
243 1917 320 1945 von
348 1905 474 1956 Tyrus
502 1904 712 1944 Nachricht
741 1905 918 1951 dariiber,
950 1904 1038 1944 wie
1067 1905 1187 1944 nach
1215 1905 1297 1944 der
1326 1904 1585 1943 Einnahme
1614 1904 1695 1943 der
1724 1916 1777 1942 zu
1806 1903 1992 1954 Anfang

12 2000 13 2017 ἶ
69 1966 152 2006 des
179 1965 480 2005 Jahres1124
520 1964 758 2004 zwischen
803 1965 892 2003 den
931 1964 1255 2003 Venetianern
1298 1964 1393 2003 und
1434 1962 1810 2003 Jerusalemiten
1851 1963 1990 2015 abge-

12 2019 22 2063 ’,ἶ
70 2025 350 2065 schlossene
391 2025 483 2063 und
525 2024 570 2063 in
598 2024 748 2074 XXVII,
782 2025 798 2062 l
840 2024 1087 2063 erwahnte
1124 2023 1322 2074 Vertrag
1362 2023 1642 2075 ausgesiihrt
1684 2024 1874 2063 worden
1916 2024 1990 2062 ist.

69 2084 157 2124 WT
184 2084 265 2133 XII,
293 2085 345 2123 25
386 2083 465 2123 teilt
502 2097 577 2123 uns
605 2079 736 2124 diesen
766 2083 927 2135 Vertrag
954 2083 1074 2123 selbst
1101 2083 1184 2131 mit,
1220 2083 1363 2131 indem,
1394 2083 1529 2123 soweit
1557 2082 1667 2123 darin
1698 2083 1823 2134 Tyrus
1853 2083 1893 2122 in
1922 2083 1990 2122 Be-

70 2144 196 2184 tracht
211 2145 376 2194 kommt.
403 2143 580 2194 folgende
599 2143 918 2194 Bestimmungen
947 2144 1134 2194 gctroffen
1163 2143 1266 2182 sind:
1303 2156 1391 2191 „rex
1412 2142 1657 2182 Hierusalem
1686 2147 1723 2182 et
1752 2156 1824 2182 nos
1853 2156 1991 2182 omnes

26 2199 29 2205 ²
70 2202 157 2243 duci
186 2203 457 2243 Veneticorum
484 2203 532 2243 de
560 2203 679 2242 funda
707 2203 966 2254 (Marktplatz)
996 2202 1086 2253 Tyri
1116 2216 1162 2241 ex
1192 2208 1299 2254 parte
1327 2202 1427 2254 regis
1462 2203 1559 2242 festo
1594 2203 1858 2254 apostolorum
1887 2202 1990 2242 Petri

26 2265 27 2268 ’
51 2267 108 2303 ἐἰ
135 2261 244 2302 Pauli
272 2262 402 2302 CCC⁰⁸
429 2262 469 2301 in
498 2275 733 2313 unoquoque
761 2276 866 2301 anno
894 2261 1082 2301 bizantios
1111 2267 1357 2302 saracenatos
1386 2275 1434 2302 ex
1462 2262 1578 2302 debiti
1603 2262 1824 2302 conditione
1844 2263 1984 2313 persol-

72 2335 160 2362 vere
186 2322 372 2362 debemus
401 2352 534 2362 .....
564 2321 730 2372 denique
757 2322 922 2361 duarum
951 2322 1147 2361 civitatum
1167 2322 1257 2372 Tyri
1278 2327 1316 2361 et
1334 2322 1539 2362 Ascalonis
1561 2322 1711 2362 tertiam
1733 2327 1881 2372 partem
1902 2335 1991 2360 cum

25 2387 27 2427 ζ
73 2382 153 2422 suis
180 2381 420 2433 pertinentiis
448 2386 486 2421 et
514 2381 664 2421 tertiam
693 2386 840 2432 partem
870 2386 1061 2421 terrarum
1088 2382 1262 2421 omnium
1294 2382 1366 2421 sibi
1387 2382 1664 2432 pertinentium
1683 2396 1706 2420 a
1725 2382 1786 2420 die
1806 2382 1845 2421 S.
1868 2381 1982 2429 Petri,

25 2438 28 2476 ὲ
73 2440 276 2481 Saracenis
304 2445 456 2480 tantum
484 2441 744 2488 servientium,
775 2454 872 2491 quae
901 2453 980 2480 non
1010 2446 1102 2480 sunt
1129 2441 1168 2480 in
1198 2442 1437 2481 Francorum
1466 2441 1660 2489 manibus,
1699 2441 1861 2480 alteram
1897 2454 1991 2491 qua-

25 2491 31 2547 ¹,
73 2513 174 2547 rum,
208 2500 267 2540 vel
294 2499 339 2548 si,
378 2500 458 2540 Deo
486 2500 706 2551 auxiliante,
735 2505 938 2551 utramque
967 2514 1034 2551 per
1063 2513 1197 2540 eorum
1228 2501 1413 2540 auxilium
1442 2506 1509 2540 aut
1536 2501 1691 2551 aliquod
1721 2499 1921 2551 ingenium
1950 2500 1990 2539 in

26 2570 39 2619 ᾗ.
73 2558 384 2600 Christianorum
411 2564 640 2611 potestatem
668 2550 833 2611 Spiritus
853 2560 892 2599 S.
914 2560 1063 2599 tradere
1083 2559 1262 2600 voluerit:
1292 2561 1409 2609 illam,
1438 2560 1612 2611 inquam,
1642 2561 1795 2600 tertiam
1824 2565 1984 2611 partem,

28 2628 32 2666 ξ
75 2619 174 2659 sicut
209 2618 353 2658 dictum
393 2625 463 2667 est,
500 2619 619 2659 libere
649 2624 686 2659 et
715 2619 901 2670 regaliter,
931 2619 1028 2659 sicut
1057 2632 1124 2659 rex
1152 2619 1262 2667 duas,
1293 2620 1463 2660 Venetici
1492 2619 1661 2659 habituri
1691 2620 1730 2658 in
1763 2625 1990 2670 perpetuum

28 2691 39 2728 μ
74 2678 158 2718 sine
185 2678 344 2718 alicuius
372 2679 684 2718 contradictionis
713 2678 960 2730 impeditione
987 2679 1070 2718 iure
1097 2678 1328 2719 hereditario
1356 2679 1614 2730 possideant.“
1668 2679 1801 2718 Dieser
1831 2679 1991 2729 Vertrag

28 2732 40 2791 i}
75 2737 124 2777 ist
151 2739 257 2777 dann
284 2751 349 2777 am
378 2738 554 2778 VLNon.
574 2738 662 2778 Maii
695 2739 796 2778 1125
823 2755 877 2770 =
904 2740 940 2777 ⁶2.
961 2739 1036 2778 Mai
1060 2740 1161 2778 1125
1188 2739 1228 2778 in
1258 2739 1368 2778 Akko
1398 2753 1485 2778 vom
1514 2739 1639 2790 Konig
1658 2738 1834 2784 Balduiu,
1865 2738 1921 2778 als
1950 2752 1992 2778 er

29 2796 40 2821 ³²
76 2796 157 2836 sich
187 2797 285 2837 nach
315 2797 441 2837 seiner
470 2797 674 2849 Besreiung
701 2798 769 2837 auf
793 2798 860 2837 der
888 2798 1097 2838 Riickreise
1125 2812 1199 2838 von
1228 2799 1442 2838 Jerusalem
1472 2799 1571 2838 nach
1594 2798 1684 2837 Ant.
1714 2798 1884 2837 daselbst
1913 2799 1990 2837 auf-

43 2894 46 2901 ,
76 2856 254 2907 gehalten
283 2856 351 2895 hat
379 2858 426 2905 (s.
455 2857 523 2895 LX
551 2870 577 2896 n
607 2858 659 2905 5),
689 2857 867 2908 bestiiligt
895 2858 1067 2898 worden.
1122 2858 1307 2898 Offenbar
1343 2858 1411 2898 hat
1441 2859 1508 2897 Fu.
1539 2858 1638 2897 auch
1667 2871 1816 2909 genaue
1846 2857 1991 2897 Kennt-

44 2925 46 2931 ’
78 2915 140 2955 nis
176 2915 300 2955 dieses
329 2915 506 2967 Vertrags
545 2917 700 2967 gehabt,
739 2930 818 2956 was
856 2929 926 2956 aus
954 2918 1022 2957 der
1051 2917 1276 2957 wortlichen
1305 2909 1692 2967 ‘Ubereinstimmung
1720 2917 1864 2967 einiger
1893 2916 1990 2956 Aus-

78 2974 221 3014 driicke
257 2975 438 3026 gefolgert
475 2977 630 3015 werden
668 2977 780 3023 muli3
818 2988 850 3014 s.
880 2989 905 3014 n
935 2977 971 3015 4.
1027 2977 1070 3015 In
1099 2976 1284 3015 ebent'alls
1313 2978 1448 3015 kurzer
1478 2977 1654 3027 Fassung
1682 2977 1747 3015 hat
1775 2976 1873 3014 auch
1906 2975 1990 3014 WT

32 3033 174 3092 ‡.-X111,
208 3034 255 3072 14
283 3046 358 3073 von
387 3035 455 3073 Fu.
484 3034 679 3086 abhangig
706 3035 872 3074 dieselbe
901 3034 1115 3086 Mitteilung
1143 3035 1269 3074 seiner
1298 3035 1518 3085 Erzahlung
1544 3035 1749 3085 eingesiigt.
1807 3035 1912 3074 Doch
1945 3035 1992 3074 ist

32 3086 50 3150 i}
80 3091 121 3131 in
158 3093 232 3132 den
270 3094 658 3144 morgenliindischen
686 3093 1035 3142 Quellenschristen
1075 3095 1170 3133 iiber
1206 3094 1267 3133 die
1296 3094 1518 3145 Verteilung
1554 3095 1631 3132 der·
1650 3094 1761 3133 Stadt
1796 3094 1990 3134 zwischen

33 3146 156 3222 aden
194 3151 372 3191 Franken
414 3153 495 3191 und
534 3153 773 3204 Venedigern
816 3153 999 3204 nirgends
1041 3153 1102 3192 die
1142 3154 1258 3192 Rede.
1318 3146 1423 3192 Uber
1462 3154 1537 3192 den
1576 3153 1737 3203 Vertrag
1779 3153 1851 3203 vgl.
1891 3153 1989 3193 auch

34 3208 48 3306 i
81 3209 234 3250 XXVIII
264 3224 288 3250 n
319 3213 355 3259 2,
385 3211 503 3251 sowie
531 3212 686 3251 Wilken
715 3213 758 3260 11,
789 3213 1018 3260 496—5013
1061 3213 1232 3252 Raumer
1260 3212 1286 3260 I,
1316 3214 1412 3260 3953
1457 3213 1585 3263 Rsseg.
1615 3212 1681 3251 Nr.
1714 3213 1787 3252 102
1824 3225 1859 3253 u.
1893 3213 1981 3260 105;

2007 1259 2113 1285 a.1121
