<?xml version="1.0" encoding="UTF-8"?>
<!DOCTYPE html PUBLIC "-//W3C//DTD XHTML 1.0 Transitional//EN"
    "http://www.w3.org/TR/xhtml1/DTD/xhtml1-transitional.dtd">
<html xmlns="http://www.w3.org/1999/xhtml" xml:lang="en" lang="en">
 <head>
  <title>
</title>
<meta http-equiv="Content-Type" content="text/html;charset=utf-8" />
  <meta name='ocr-system' content='tesseract 3.04.00' />
  <meta name='ocr-capabilities' content='ocr_page ocr_carea ocr_par ocr_line ocrx_word'/>
</head>
<body>
  <div class='ocr_page' id='page_1' title='image "./historiahierosol00foucuoft/historiahierosol00foucuoft_0182.png"; bbox 0 0 2216 3438; ppageno 0'>
   <div class='ocr_carea' id='block_1_1' title="bbox 252 140 1934 187">
    <p class='ocr_par' dir='ltr' id='par_1_1' title="bbox 252 140 1934 187">
     <span class='ocr_line' id='line_1_1' title="bbox 252 140 1934 187; baseline -0.001 -8"><span class='ocrx_word' id='word_1_1' title='bbox 252 145 318 179; x_wconf 88' lang='grc'>166</span> <span class='ocrx_word' id='word_1_2' title='bbox 490 143 654 178; x_wconf 77' lang='lat' dir='ltr'>Pulcheri</span> <span class='ocrx_word' id='word_1_3' title='bbox 681 141 913 177; x_wconf 85' lang='lat' dir='ltr'>Carnotensis</span> <span class='ocrx_word' id='word_1_4' title='bbox 939 142 1094 177; x_wconf 81' lang='lat' dir='ltr'><strong>Historia</strong></span> <span class='ocrx_word' id='word_1_5' title='bbox 1121 140 1459 185; x_wconf 79' lang='lat' dir='ltr'>Hierosolymitana.</span> <span class='ocrx_word' id='word_1_6' title='bbox 1488 163 1532 168; x_wconf 92' lang='lat'><em>-</em></span> <span class='ocrx_word' id='word_1_7' title='bbox 1558 141 1680 186; x_wconf 80' lang='lat' dir='ltr'>Lib.·1,</span> <span class='ocrx_word' id='word_1_8' title='bbox 1705 153 1782 187; x_wconf 86' lang='lat' dir='ltr'>cap.</span> <span class='ocrx_word' id='word_1_9' title='bbox 1802 141 1875 187; x_wconf 92' lang='lat' dir='ltr'>VII,</span> <span class='ocrx_word' id='word_1_10' title='bbox 1900 143 1934 179; x_wconf 89' lang='lat'>3.</span> 
     </span>
    </p>
   </div>
   <div class='ocr_carea' id='block_1_2' title="bbox 123 249 2216 952">
    <p class='ocr_par' dir='ltr' id='par_1_2' title="bbox 123 249 2216 952">
     <span class='ocr_line' id='line_1_2' title="bbox 123 249 2170 310; baseline 0 -15"><span class='ocrx_word' id='word_1_11' title='bbox 123 264 231 291; x_wconf 82' lang='lat' dir='ltr'>a-1096</span> <span class='ocrx_word' id='word_1_12' title='bbox 251 256 460 304; x_wconf 84' lang='lat' dir='ltr'>tenentes,</span> <span class='ocrx_word' id='word_1_13' title='bbox 506 253 651 307; x_wconf 88' lang='lat' dir='ltr'>inique</span> <span class='ocrx_word' id='word_1_14' title='bbox 697 252 1016 307; x_wconf 66' lang='lat' dir='ltr'>adripiebant23</span> <span class='ocrx_word' id='word_1_15' title='bbox 1059 253 1129 295; x_wconf 92' lang='lat' dir='ltr'>alii</span> <span class='ocrx_word' id='word_1_16' title='bbox 1173 249 1305 310; x_wconf 78' lang='lat' dir='ltr'>verob</span> <span class='ocrx_word' id='word_1_17' title='bbox 1336 266 1467 306; x_wconf 86' lang='lat' dir='ltr'>super</span> <span class='ocrx_word' id='word_1_18' title='bbox 1498 252 1672 294; x_wconf 81' lang='lat' dir='ltr'>trabesc</span> <span class='ocrx_word' id='word_1_19' title='bbox 1702 249 2170 306; x_wconf 7' lang='lat' dir='ltr'>ipsiusdbmonasteri?</span> 
     </span>
     <span class='ocr_line' id='line_1_3' title="bbox 250 323 2168 378; baseline 0.001 -12"><span class='ocrx_word' id='word_1_20' title='bbox 250 325 520 367; x_wconf 79' lang='lat' dir='ltr'>cursitabant</span> <span class='ocrx_word' id='word_1_21' title='bbox 551 327 594 366; x_wconf 88' lang='lat' dir='ltr'>et</span> <span class='ocrx_word' id='word_1_22' title='bbox 626 324 726 366; x_wconf 90' lang='lat' dir='ltr'>inde</span> <span class='ocrx_word' id='word_1_23' title='bbox 758 325 962 367; x_wconf 88' lang='lat' dir='ltr'>deorsum</span> <span class='ocrx_word' id='word_1_24' title='bbox 995 325 1069 366; x_wconf 89' lang='lat' dir='ltr'>ubi</span> <span class='ocrx_word' id='word_1_25' title='bbox 1100 325 1305 378; x_wconf 82' lang='lat' dir='ltr'>prostrati</span> <span class='ocrx_word' id='word_1_26' title='bbox 1337 324 1599 366; x_wconf 76' lang='lat' dir='ltr'>orabamus⁰</span> <span class='ocrx_word' id='word_1_27' title='bbox 1619 324 1786 378; x_wconf 89' lang='lat' dir='ltr'>lapides</span> <span class='ocrx_word' id='word_1_28' title='bbox 1808 323 2035 367; x_wconf 84' lang='lat' dir='ltr'>iaciebant.</span> <span class='ocrx_word' id='word_1_29' title='bbox 2067 339 2168 367; x_wconf 90' lang='lat' dir='ltr'>nam</span> 
     </span>
     <span class='ocr_line' id='line_1_4' title="bbox 249 393 2171 451; baseline 0 -13"><span class='ocrx_word' id='word_1_30' title='bbox 249 410 345 438; x_wconf 87' lang='lat' dir='ltr'>cum</span> <span class='ocrx_word' id='word_1_31' title='bbox 381 396 574 438; x_wconf 86' lang='lat' dir='ltr'>viderent</span> <span class='ocrx_word' id='word_1_32' title='bbox 607 396 795 450; x_wconf 81' lang='lat' dir='ltr'>aliquem</span> <span class='ocrx_word' id='word_1_33' title='bbox 828 396 1006 439; x_wconf 90' lang='lat' dir='ltr'>Urbano</span> <span class='ocrx_word' id='word_1_34' title='bbox 1038 396 1223 446; x_wconf 88' lang='lat' dir='ltr'>fidelem,</span> <span class='ocrx_word' id='word_1_35' title='bbox 1257 393 1378 438; x_wconf 76' lang='lat' dir='ltr'>ilicof</span> <span class='ocrx_word' id='word_1_36' title='bbox 1405 409 1503 438; x_wconf 90' lang='lat' dir='ltr'>eum</span> <span class='ocrx_word' id='word_1_37' title='bbox 1527 395 1743 438; x_wconf 88' lang='lat' dir='ltr'>trucidare</span> <span class='ocrx_word' id='word_1_38' title='bbox 1765 395 1982 438; x_wconf 90' lang='lat' dir='ltr'>volebant.</span> <span class='ocrx_word' id='word_1_39' title='bbox 2035 393 2106 451; x_wconf 83' lang='lat'>[3]</span> <span class='ocrx_word' id='word_1_40' title='bbox 2128 397 2171 438; x_wconf 89' lang='lat' dir='ltr'>in</span> 
     </span>
     <span class='ocr_line' id='line_1_5' title="bbox 248 463 2171 522; baseline 0 -12"><span class='ocrx_word' id='word_1_41' title='bbox 248 465 419 510; x_wconf 70' lang='lat' dir='ltr'>arceg¹⁰</span> <span class='ocrx_word' id='word_1_42' title='bbox 466 470 612 510; x_wconf 89' lang='lat' dir='ltr'>autem</span> <span class='ocrx_word' id='word_1_43' title='bbox 653 481 743 510; x_wconf 87' lang='lat' dir='ltr'>una</span> <span class='ocrx_word' id='word_1_44' title='bbox 785 464 1017 510; x_wconf 84' lang='lat' dir='ltr'>basilicae¹¹</span> <span class='ocrx_word' id='word_1_45' title='bbox 1061 467 1231 509; x_wconf 87' lang='lat' dir='ltr'>inerant</span> <span class='ocrx_word' id='word_1_46' title='bbox 1273 466 1471 509; x_wconf 91' lang='lat' dir='ltr'>homines</span> <span class='ocrx_word' id='word_1_47' title='bbox 1514 463 1698 509; x_wconf 87' lang='lat' dir='ltr'>dominii</span> <span class='ocrx_word' id='word_1_48' title='bbox 1738 466 1916 518; x_wconf 87' lang='lat' dir='ltr'>Urbani,</span> <span class='ocrx_word' id='word_1_49' title='bbox 1958 466 2033 522; x_wconf 90' lang='lat' dir='ltr'>qui</span> <span class='ocrx_word' id='word_1_50' title='bbox 2073 481 2171 510; x_wconf 89' lang='lat' dir='ltr'>eam</span> 
     </span>
     <span class='ocr_line' id='line_1_6' title="bbox 249 534 2172 594; baseline -0.001 -13"><span class='ocrx_word' id='word_1_51' title='bbox 249 539 426 581; x_wconf 89' lang='lat' dir='ltr'>sollicite</span> <span class='ocrx_word' id='word_1_52' title='bbox 459 539 765 582; x_wconf 81' lang='lat' dir='ltr'>custodiebant</span> <span class='ocrx_word' id='word_1_53' title='bbox 795 539 839 580; x_wconf 89' lang='lat' dir='ltr'>in</span> <span class='ocrx_word' id='word_1_54' title='bbox 871 535 1096 581; x_wconf 78' lang='lat' dir='ltr'>eiusdemk</span> <span class='ocrx_word' id='word_1_55' title='bbox 1129 539 1396 588; x_wconf 83' lang='lat' dir='ltr'>fidelitatem,</span> <span class='ocrx_word' id='word_1_56' title='bbox 1429 540 1471 580; x_wconf 89' lang='lat' dir='ltr'>et</span> <span class='ocrx_word' id='word_1_57' title='bbox 1504 534 1855 580; x_wconf 89' lang='lat' dir='ltr'>adversantibus¹</span> <span class='ocrx_word' id='word_1_58' title='bbox 1877 537 2011 589; x_wconf 75' lang='lat' dir='ltr'>sibim,</span> <span class='ocrx_word' id='word_1_59' title='bbox 2043 540 2172 594; x_wconf 87' lang='lat' dir='ltr'>prout</span> 
     </span>
     <span class='ocr_line' id='line_1_7' title="bbox 248 606 2216 665; baseline 0 -13"><span class='ocrx_word' id='word_1_60' title='bbox 248 613 462 665; x_wconf 85' lang='lat' dir='ltr'>poterant,</span> <span class='ocrx_word' id='word_1_61' title='bbox 497 610 810 653; x_wconf 74' lang='lat' dir='ltr'>obsistebantn.</span> <span class='ocrx_word' id='word_1_62' title='bbox 858 610 1040 664; x_wconf 85' lang='lat' dir='ltr'>proinde</span> <span class='ocrx_word' id='word_1_63' title='bbox 1073 610 1178 652; x_wconf 89' lang='lat' dir='ltr'>satis</span> <span class='ocrx_word' id='word_1_64' title='bbox 1220 610 1450 660; x_wconf 79' lang='lat' dir='ltr'>doluimUS‚</span> <span class='ocrx_word' id='word_1_65' title='bbox 1494 623 1592 652; x_wconf 90' lang='lat' dir='ltr'>cum</span> <span class='ocrx_word' id='word_1_66' title='bbox 1624 611 1793 652; x_wconf 83' lang='lat' dir='ltr'>tantam</span> <span class='ocrx_word' id='word_1_67' title='bbox 1825 606 2172 652; x_wconf 82' lang='lat' dir='ltr'>atrocitatem⁰¹¹</span> <span class='ocrx_word' id='word_1_68' title='bbox 2212 646 2216 652; x_wconf 87' lang='lat'>.</span> 
     </span>
     <span class='ocr_line' id='line_1_8' title="bbox 248 681 2173 736; baseline 0 -13"><span class='ocrx_word' id='word_1_69' title='bbox 248 682 305 723; x_wconf 89' lang='lat' dir='ltr'>ibi</span> <span class='ocrx_word' id='word_1_70' title='bbox 350 682 440 724; x_wconf 82' lang='lat' dir='ltr'>fieri</span> <span class='ocrx_word' id='word_1_71' title='bbox 484 682 682 724; x_wconf 89' lang='lat' dir='ltr'>vidimus.</span> <span class='ocrx_word' id='word_1_72' title='bbox 745 682 823 723; x_wconf 90' lang='lat' dir='ltr'>sed</span> <span class='ocrx_word' id='word_1_73' title='bbox 865 682 970 723; x_wconf 91' lang='lat' dir='ltr'>nihil</span> <span class='ocrx_word' id='word_1_74' title='bbox 1013 682 1129 723; x_wconf 87' lang='lat' dir='ltr'>aliud</span> <span class='ocrx_word' id='word_1_75' title='bbox 1169 682 1261 724; x_wconf 76' lang='lat' dir='ltr'>fieri</span> <span class='ocrx_word' id='word_1_76' title='bbox 1293 682 1375 724; x_wconf 89' lang='lat' dir='ltr'>nisi</span> <span class='ocrx_word' id='word_1_77' title='bbox 1407 695 1434 724; x_wconf 90' lang='lat' dir='ltr'>a</span> <span class='ocrx_word' id='word_1_78' title='bbox 1466 681 1651 724; x_wconf 89' lang='lat' dir='ltr'>Domino</span> <span class='ocrx_word' id='word_1_79' title='bbox 1682 681 1918 724; x_wconf 88' lang='lat' dir='ltr'>vindictam</span> <span class='ocrx_word' id='word_1_80' title='bbox 1949 681 2173 736; x_wconf 86' lang='lat' dir='ltr'>exoptavi-</span> 
     </span>
     <span class='ocr_line' id='line_1_9' title="bbox 248 751 2216 808; baseline 0 -13"><span class='ocrx_word' id='word_1_81' title='bbox 248 767 344 795; x_wconf 85' lang='lat' dir='ltr'>mus</span> <span class='ocrx_word' id='word_1_82' title='bbox 357 751 431 795; x_wconf 73' lang='lat' dir='ltr'>P.¹²</span> <span class='ocrx_word' id='word_1_83' title='bbox 493 767 571 796; x_wconf 87' lang='lat' dir='ltr'>nec</span> <span class='ocrx_word' id='word_1_84' title='bbox 603 767 727 796; x_wconf 88' lang='lat' dir='ltr'>mora</span> <span class='ocrx_word' id='word_1_85' title='bbox 758 753 943 796; x_wconf 85' lang='lat' dir='ltr'>deindeq</span> <span class='ocrx_word' id='word_1_86' title='bbox 975 753 1103 804; x_wconf 87' lang='lat' dir='ltr'>facta,</span> <span class='ocrx_word' id='word_1_87' title='bbox 1137 753 1260 795; x_wconf 89' lang='lat' dir='ltr'>multi</span> <span class='ocrx_word' id='word_1_88' title='bbox 1293 753 1367 807; x_wconf 87' lang='lat' dir='ltr'>qui</span> <span class='ocrx_word' id='word_1_89' title='bbox 1399 753 1626 795; x_wconf 88' lang='lat' dir='ltr'>nobiscum</span> <span class='ocrx_word' id='word_1_90' title='bbox 1658 753 1756 796; x_wconf 91' lang='lat' dir='ltr'>illuc</span> <span class='ocrx_word' id='word_1_91' title='bbox 1786 765 1927 807; x_wconf 90' lang='lat' dir='ltr'>usque</span> <span class='ocrx_word' id='word_1_92' title='bbox 1963 765 2173 808; x_wconf 87' lang='lat' dir='ltr'>pervene-</span> <span class='ocrx_word' id='word_1_93' title='bbox 2212 763 2216 767; x_wconf 88' lang='lat'>·</span> 
     </span>
     <span class='ocr_line' id='line_1_10' title="bbox 248 821 2174 879; baseline 0.001 -13"><span class='ocrx_word' id='word_1_94' title='bbox 248 828 347 867; x_wconf 84' lang='lat' dir='ltr'>rant</span> <span class='ocrx_word' id='word_1_95' title='bbox 357 829 382 875; x_wconf 73' lang='lat'>¹,</span> <span class='ocrx_word' id='word_1_96' title='bbox 417 826 473 867; x_wconf 90' lang='lat' dir='ltr'>ad</span> <span class='ocrx_word' id='word_1_97' title='bbox 505 825 660 868; x_wconf 89' lang='lat' dir='ltr'>domos</span> <span class='ocrx_word' id='word_1_98' title='bbox 692 838 796 868; x_wconf 88' lang='lat' dir='ltr'>suas</span> <span class='ocrx_word' id='word_1_99' title='bbox 828 825 1003 879; x_wconf 86' lang='lat' dir='ltr'>ignavia</span> <span class='ocrx_word' id='word_1_100' title='bbox 1023 822 1272 867; x_wconf 76' lang='lat' dir='ltr'>n1arcidi⁸¹³</span> <span class='ocrx_word' id='word_1_101' title='bbox 1293 825 1525 867; x_wconf 85' lang='lat' dir='ltr'>redierunt.</span> <span class='ocrx_word' id='word_1_102' title='bbox 1570 821 1640 879; x_wconf 87' lang='lat'>[4]</span> <span class='ocrx_word' id='word_1_103' title='bbox 1662 837 1742 867; x_wconf 90' lang='lat' dir='ltr'>nos</span> <span class='ocrx_word' id='word_1_104' title='bbox 1752 821 1789 847; x_wconf 72' lang='lat'>¹⁴²</span> <span class='ocrx_word' id='word_1_105' title='bbox 1811 827 1957 867; x_wconf 88' lang='lat' dir='ltr'>autem</span> <span class='ocrx_word' id='word_1_106' title='bbox 1984 837 2062 879; x_wconf 88' lang='lat' dir='ltr'>per</span> <span class='ocrx_word' id='word_1_107' title='bbox 2083 838 2174 866; x_wconf 86' lang='lat' dir='ltr'>me-</span> 
     </span>
     <span class='ocr_line' id='line_1_11' title="bbox 249 893 2172 952; baseline -0.001 -13"><span class='ocrx_word' id='word_1_108' title='bbox 249 898 366 939; x_wconf 88' lang='lat' dir='ltr'>diam</span> <span class='ocrx_word' id='word_1_109' title='bbox 398 895 708 952; x_wconf 79' lang='lat' dir='ltr'>Campaniamt</span> <span class='ocrx_word' id='word_1_110' title='bbox 747 893 958 948; x_wconf 77' lang='lat' dir='ltr'>euntes¹⁵,</span> <span class='ocrx_word' id='word_1_111' title='bbox 1006 897 1231 939; x_wconf 89' lang='lat' dir='ltr'>venimusu</span> <span class='ocrx_word' id='word_1_112' title='bbox 1272 893 1526 946; x_wconf 67' lang='lat' dir='ltr'>Barumvffi,</span> <span class='ocrx_word' id='word_1_113' title='bbox 1572 909 1686 952; x_wconf 89' lang='lat' dir='ltr'>quae</span> <span class='ocrx_word' id='word_1_114' title='bbox 1727 896 1879 939; x_wconf 82' lang='lat' dir='ltr'>civitas</span> <span class='ocrx_word' id='word_1_115' title='bbox 1923 897 2089 952; x_wconf 86' lang='lat' dir='ltr'>optima</span> <span class='ocrx_word' id='word_1_116' title='bbox 2129 896 2172 938; x_wconf 91' lang='lat' dir='ltr'>in</span> 
     </span>
    </p>
   </div>
   <div class='ocr_carea' id='block_1_3' title="bbox 2071 993 2216 3438">
    <p class='ocr_par' dir='ltr' id='par_1_3' title="bbox 2071 993 2216 3438">
     <span class='ocr_line' id='line_1_12' title="bbox 2196 993 2216 1202; baseline 0 -50"><span class='ocrx_word' id='word_1_117' title='bbox 2196 993 2216 1202; x_wconf 95' lang='lat' dir='ltr'>   </span> 
     </span>
     <span class='ocr_line' id='line_1_13' title="bbox 2190 1202 2216 1431; baseline 0 0"><span class='ocrx_word' id='word_1_118' title='bbox 2190 1202 2216 1431; x_wconf 95' lang='lat' dir='ltr'>    </span> 
     </span>
     <span class='ocr_line' id='line_1_14' title="bbox 2187 1535 2216 1716; baseline 0 -60"><span class='ocrx_word' id='word_1_119' title='bbox 2187 1535 2216 1716; x_wconf 95' lang='lat' dir='ltr'>   </span> 
     </span>
     <span class='ocr_line' id='line_1_15' title="bbox 2184 1716 2216 1835; baseline 0 0"><span class='ocrx_word' id='word_1_120' title='bbox 2184 1716 2216 1835; x_wconf 95' lang='lat' dir='ltr'>  </span> 
     </span>
     <span class='ocr_line' id='line_1_16' title="bbox 2184 1835 2216 1954; baseline 0 -60"><span class='ocrx_word' id='word_1_121' title='bbox 2184 1835 2216 1954; x_wconf 95' lang='lat' dir='ltr'>  </span> 
     </span>
     <span class='ocr_line' id='line_1_17' title="bbox 2154 1954 2208 2148; baseline 0 0"><span class='ocrx_word' id='word_1_122' title='bbox 2154 1954 2208 2148; x_wconf 95' lang='lat' dir='ltr'>    </span> 
     </span>
     <span class='ocr_line' id='line_1_18' title="bbox 2164 2148 2205 2268; baseline 0 -15"><span class='ocrx_word' id='word_1_123' title='bbox 2164 2148 2205 2268; x_wconf 95' lang='lat' dir='ltr'>   </span> 
     </span>
     <span class='ocr_line' id='line_1_19' title="bbox 2182 2268 2201 2318; baseline 0.789 -10"><span class='ocrx_word' id='word_1_124' title='bbox 2182 2268 2201 2318; x_wconf 95' lang='lat' dir='ltr'>  </span> 
     </span>
     <span class='ocr_line' id='line_1_20' title="bbox 2164 2459 2206 2552; baseline 0 0"><span class='ocrx_word' id='word_1_125' title='bbox 2164 2459 2206 2552; x_wconf 95' lang='lat' dir='ltr'>   </span> 
     </span>
     <span class='ocr_line' id='line_1_21' title="bbox 2071 2552 2204 2690; baseline 0 0"><span class='ocrx_word' id='word_1_126' title='bbox 2071 2552 2204 2690; x_wconf 95' lang='lat' dir='ltr'>   </span> 
     </span>
     <span class='ocr_line' id='line_1_22' title="bbox 2118 2690 2204 2911; baseline -0.047 -56"><span class='ocrx_word' id='word_1_127' title='bbox 2118 2690 2204 2911; x_wconf 95' lang='lat' dir='ltr'>    </span> 
     </span>
     <span class='ocr_line' id='line_1_23' title="bbox 2116 2911 2200 3100; baseline 0 -109"><span class='ocrx_word' id='word_1_128' title='bbox 2116 2911 2200 3100; x_wconf 95' lang='lat' dir='ltr'>  </span> 
     </span>
     <span class='ocr_line' id='line_1_24' title="bbox 2132 3100 2200 3438; baseline 0 -171"><span class='ocrx_word' id='word_1_129' title='bbox 2132 3100 2200 3438; x_wconf 95' lang='lat' dir='ltr'>   </span> 
     </span>
    </p>
   </div>
   <div class='ocr_carea' id='block_1_4' title="bbox 249 1038 2186 1370">
    <p class='ocr_par' dir='ltr' id='par_1_4' title="bbox 249 1038 2186 1370">
     <span class='ocr_line' id='line_1_25' title="bbox 367 1038 2173 1083; baseline -0.001 -11"><span class='ocrx_word' id='word_1_130' title='bbox 367 1046 383 1064; x_wconf 72' lang='lat'>¹³</span> <span class='ocrx_word' id='word_1_131' title='bbox 405 1039 629 1083; x_wconf 73' lang='lat' dir='ltr'>abripiebant</span> <span class='ocrx_word' id='word_1_132' title='bbox 655 1049 769 1073; x_wconf 72' lang='grc' dir='ltr'><strong>ΑΒΗι.</strong></span> <span class='ocrx_word' id='word_1_133' title='bbox 797 1057 839 1061; x_wconf 94' lang='lat'>—-</span> <span class='ocrx_word' id='word_1_134' title='bbox 868 1038 887 1064; x_wconf 77' lang='lat' dir='ltr'>b</span> <span class='ocrx_word' id='word_1_135' title='bbox 907 1038 1007 1073; x_wconf 90' lang='lat' dir='ltr'>deest</span> <span class='ocrx_word' id='word_1_136' title='bbox 1033 1050 1068 1073; x_wconf 78' lang='grc' dir='ltr'>Η.</span> <span class='ocrx_word' id='word_1_137' title='bbox 1094 1058 1139 1062; x_wconf 92' lang='grc'><strong>-</strong></span> <span class='ocrx_word' id='word_1_138' title='bbox 1165 1045 1182 1064; x_wconf 79' lang='lat'><strong>0</strong></span> <span class='ocrx_word' id='word_1_139' title='bbox 1203 1043 1323 1073; x_wconf 70' lang='lat' dir='ltr'>turres</span> <span class='ocrx_word' id='word_1_140' title='bbox 1340 1050 1362 1073; x_wconf 93' lang='lat'>1.</span> <span class='ocrx_word' id='word_1_141' title='bbox 1389 1059 1434 1064; x_wconf 93' lang='lat'>—-</span> <span class='ocrx_word' id='word_1_142' title='bbox 1459 1038 1480 1065; x_wconf 83' lang='lat' dir='ltr'>d</span> <span class='ocrx_word' id='word_1_143' title='bbox 1500 1039 1656 1073; x_wconf 74' lang='lat' dir='ltr'>eiusdem</span> <span class='ocrx_word' id='word_1_144' title='bbox 1673 1039 1915 1081; x_wconf 70' lang='lat' dir='ltr'>Aaronssbu.</span> <span class='ocrx_word' id='word_1_145' title='bbox 1940 1057 1986 1062; x_wconf 89' lang='lat'><em>-</em></span> <span class='ocrx_word' id='word_1_146' title='bbox 2011 1043 2028 1064; x_wconf 75' lang='lat' dir='ltr'>e</span> <span class='ocrx_word' id='word_1_147' title='bbox 2047 1039 2173 1072; x_wconf 82' lang='lat' dir='ltr'>adora-</span> 
     </span>
     <span class='ocr_line' id='line_1_26' title="bbox 249 1085 2173 1130; baseline 0 -10"><span class='ocrx_word' id='word_1_148' title='bbox 249 1087 374 1121; x_wconf 77' lang='lat' dir='ltr'>bamus</span> <span class='ocrx_word' id='word_1_149' title='bbox 398 1098 425 1121; x_wconf 86' lang='lat' dir='ltr'>s.</span> <span class='ocrx_word' id='word_1_150' title='bbox 454 1107 498 1111; x_wconf 92' lang='lat'>—</span> <span class='ocrx_word' id='word_1_151' title='bbox 525 1085 540 1111; x_wconf 86' lang='lat' dir='ltr'>s</span> <span class='ocrx_word' id='word_1_152' title='bbox 556 1087 646 1130; x_wconf 79' lang='lat' dir='ltr'>ylico</span> <span class='ocrx_word' id='word_1_153' title='bbox 672 1098 700 1120; x_wconf 86' lang='lat' dir='ltr'>s.</span> <span class='ocrx_word' id='word_1_154' title='bbox 727 1105 771 1110; x_wconf 93' lang='lat'><em>-</em></span> <span class='ocrx_word' id='word_1_155' title='bbox 797 1092 817 1118; x_wconf 75' lang='lat' dir='ltr'><strong>g</strong></span> <span class='ocrx_word' id='word_1_156' title='bbox 837 1086 944 1120; x_wconf 71' lang='lat' dir='ltr'>arche</span> <span class='ocrx_word' id='word_1_157' title='bbox 962 1097 1021 1121; x_wconf 75' lang='lat' dir='ltr'>az.</span> <span class='ocrx_word' id='word_1_158' title='bbox 1051 1105 1092 1110; x_wconf 92' lang='lat'>—</span> <span class='ocrx_word' id='word_1_159' title='bbox 1119 1085 1139 1112; x_wconf 80' lang='lat' dir='ltr'>h</span> <span class='ocrx_word' id='word_1_160' title='bbox 1161 1088 1372 1121; x_wconf 70' lang='lat' dir='ltr'>monasterii</span> <span class='ocrx_word' id='word_1_161' title='bbox 1388 1087 1624 1129; x_wconf 67' lang='lat' dir='ltr'>Aaronssbu.</span> <span class='ocrx_word' id='word_1_162' title='bbox 1652 1105 1693 1111; x_wconf 92' lang='lat'>—</span> <span class='ocrx_word' id='word_1_163' title='bbox 1722 1085 1852 1121; x_wconf 80' lang='lat' dir='ltr'>¹deest</span> <span class='ocrx_word' id='word_1_164' title='bbox 1869 1087 2109 1128; x_wconf 66' lang='lat' dir='ltr'>iim-onssbu.</span> <span class='ocrx_word' id='word_1_165' title='bbox 2129 1104 2173 1110; x_wconf 91' lang='lat'><em>-</em></span> 
     </span>
     <span class='ocr_line' id='line_1_27' title="bbox 249 1133 2171 1179; baseline 0 -11"><span class='ocrx_word' id='word_1_166' title='bbox 249 1134 269 1161; x_wconf 87' lang='lat' dir='ltr'><strong>k</strong></span> <span class='ocrx_word' id='word_1_167' title='bbox 291 1137 330 1168; x_wconf 79' lang='lat' dir='ltr'>in</span> <span class='ocrx_word' id='word_1_168' title='bbox 356 1137 474 1179; x_wconf 76' lang='lat' dir='ltr'>ipsius</span> <span class='ocrx_word' id='word_1_169' title='bbox 504 1134 644 1168; x_wconf 78' lang='lat' dir='ltr'>Urbani</span> <span class='ocrx_word' id='word_1_170' title='bbox 668 1135 908 1176; x_wconf 42' lang='lat' dir='ltr'>A-Bronssbu.</span> <span class='ocrx_word' id='word_1_171' title='bbox 945 1153 987 1158; x_wconf 89' lang='lat'>—</span> <span class='ocrx_word' id='word_1_172' title='bbox 1025 1133 1033 1160; x_wconf 91' lang='lat'>¹</span> <span class='ocrx_word' id='word_1_173' title='bbox 1055 1134 1326 1168; x_wconf 71' lang='lat' dir='ltr'>abversantibus</span> <span class='ocrx_word' id='word_1_174' title='bbox 1351 1145 1384 1176; x_wconf 82' lang='lat' dir='ltr'>s;</span> <span class='ocrx_word' id='word_1_175' title='bbox 1420 1134 1725 1169; x_wconf 67' lang='lat' dir='ltr'>adversitantibus</span> <span class='ocrx_word' id='word_1_176' title='bbox 1749 1145 1782 1169; x_wconf 77' lang='lat' dir='ltr'>n.</span> <span class='ocrx_word' id='word_1_177' title='bbox 1818 1153 1863 1158; x_wconf 97' lang='lat'><strong>—</strong></span> <span class='ocrx_word' id='word_1_178' title='bbox 1899 1140 1931 1160; x_wconf 87' lang='lat' dir='ltr'>m</span> <span class='ocrx_word' id='word_1_179' title='bbox 1955 1136 2033 1168; x_wconf 65' lang='lat' dir='ltr'>sui-3</span> <span class='ocrx_word' id='word_1_180' title='bbox 2058 1145 2092 1168; x_wconf 75' lang='lat' dir='ltr'>a.</span> <span class='ocrx_word' id='word_1_181' title='bbox 2129 1153 2171 1157; x_wconf 95' lang='lat'><em>-</em></span> 
     </span>
     <span class='ocr_line' id='line_1_28' title="bbox 249 1181 2175 1226; baseline -0.001 -10"><span class='ocrx_word' id='word_1_182' title='bbox 249 1189 270 1209; x_wconf 84' lang='lat'>1¹</span> <span class='ocrx_word' id='word_1_183' title='bbox 291 1183 485 1217; x_wconf 72' lang='lat' dir='ltr'>asistebant</span> <span class='ocrx_word' id='word_1_184' title='bbox 511 1193 544 1217; x_wconf 77' lang='lat' dir='ltr'>n.</span> <span class='ocrx_word' id='word_1_185' title='bbox 570 1201 618 1206; x_wconf 91' lang='lat'>—</span> <span class='ocrx_word' id='word_1_186' title='bbox 643 1188 662 1208; x_wconf 93' lang='lat' dir='ltr'>o</span> <span class='ocrx_word' id='word_1_187' title='bbox 682 1182 879 1226; x_wconf 74' lang='lat' dir='ltr'>nequitiam</span> <span class='ocrx_word' id='word_1_188' title='bbox 905 1183 1170 1224; x_wconf 68' lang='lat' dir='ltr'>Assi‘onzssbu.</span> <span class='ocrx_word' id='word_1_189' title='bbox 1200 1201 1238 1206; x_wconf 92' lang='lat'>—</span> <span class='ocrx_word' id='word_1_190' title='bbox 1269 1189 1289 1215; x_wconf 68' lang='grc' dir='ltr'>ι)</span> <span class='ocrx_word' id='word_1_191' title='bbox 1308 1183 1413 1217; x_wconf 81' lang='lat' dir='ltr'>aliud</span> <span class='ocrx_word' id='word_1_192' title='bbox 1430 1183 1550 1225; x_wconf 80' lang='lat' dir='ltr'>facere</span> <span class='ocrx_word' id='word_1_193' title='bbox 1566 1185 1759 1226; x_wconf 74' lang='lat' dir='ltr'>potuimus,</span> <span class='ocrx_word' id='word_1_194' title='bbox 1785 1184 1860 1216; x_wconf 71' lang='lat' dir='ltr'>nisi</span> <span class='ocrx_word' id='word_1_195' title='bbox 1877 1181 1970 1226; x_wconf 76' lang='lat' dir='ltr'>quod</span> <span class='ocrx_word' id='word_1_196' title='bbox 1990 1192 2014 1216; x_wconf 88' lang='lat' dir='ltr'>a</span> <span class='ocrx_word' id='word_1_197' title='bbox 2031 1182 2175 1216; x_wconf 80' lang='lat' dir='ltr'>domiuo</span> 
     </span>
     <span class='ocr_line' id='line_1_29' title="bbox 252 1226 2186 1274; baseline -0.001 -10"><span class='ocrx_word' id='word_1_198' title='bbox 252 1231 444 1264; x_wconf 73' lang='lat' dir='ltr'>vindictam</span> <span class='ocrx_word' id='word_1_199' title='bbox 469 1231 554 1263; x_wconf 78' lang='lat' dir='ltr'>inde</span> <span class='ocrx_word' id='word_1_200' title='bbox 577 1231 659 1272; x_wconf 77' lang='lat' dir='ltr'>fieri</span> <span class='ocrx_word' id='word_1_201' title='bbox 683 1231 885 1274; x_wconf 77' lang='lat' dir='ltr'>optavimus</span> <span class='ocrx_word' id='word_1_202' title='bbox 903 1231 1142 1272; x_wconf 61' lang='grc' dir='ltr'>ΑΒι-Ὂιιβδμ.</span> <span class='ocrx_word' id='word_1_203' title='bbox 1170 1249 1214 1254; x_wconf 96' lang='lat'>—-</span> <span class='ocrx_word' id='word_1_204' title='bbox 1240 1237 1260 1263; x_wconf 75' lang='lat' dir='ltr'>q</span> <span class='ocrx_word' id='word_1_205' title='bbox 1280 1231 1362 1264; x_wconf 79' lang='lat' dir='ltr'>inde</span> <span class='ocrx_word' id='word_1_206' title='bbox 1380 1231 1502 1272; x_wconf 74' lang='lat' dir='ltr'>Gssbu.</span> <span class='ocrx_word' id='word_1_207' title='bbox 1529 1249 1575 1254; x_wconf 96' lang='lat'><strong>—</strong></span> <span class='ocrx_word' id='word_1_208' title='bbox 1600 1236 1615 1256; x_wconf 88' lang='lat'>1·</span> <span class='ocrx_word' id='word_1_209' title='bbox 1639 1234 1809 1264; x_wconf 78' lang='lat' dir='ltr'>venerant</span> <span class='ocrx_word' id='word_1_210' title='bbox 1826 1239 1980 1270; x_wconf 61' lang='lat' dir='ltr'>ABroru</span> <span class='ocrx_word' id='word_1_211' title='bbox 2004 1226 2186 1264; x_wconf 51' lang='lat' dir='ltr'>venerem&amp;</span> 
     </span>
     <span class='ocr_line' id='line_1_30' title="bbox 251 1277 2176 1323; baseline -0.001 -11"><span class='ocrx_word' id='word_1_212' title='bbox 251 1279 374 1320; x_wconf 73' lang='lat' dir='ltr'>ossbu.</span> <span class='ocrx_word' id='word_1_213' title='bbox 403 1297 443 1302; x_wconf 94' lang='lat'><strong>—</strong></span> <span class='ocrx_word' id='word_1_214' title='bbox 472 1285 486 1303; x_wconf 81' lang='lat' dir='ltr'>s</span> <span class='ocrx_word' id='word_1_215' title='bbox 512 1289 600 1311; x_wconf 70' lang='lat' dir='ltr'>suas</span> <span class='ocrx_word' id='word_1_216' title='bbox 631 1280 753 1321; x_wconf 62' lang='lat' dir='ltr'>ignavi</span> <span class='ocrx_word' id='word_1_217' title='bbox 778 1279 1016 1319; x_wconf 71' lang='lat' dir='ltr'>Aaroassbu.</span> <span class='ocrx_word' id='word_1_218' title='bbox 1056 1296 1100 1301; x_wconf 90' lang='lat'>—</span> <span class='ocrx_word' id='word_1_219' title='bbox 1141 1280 1152 1304; x_wconf 73' lang='lat' dir='ltr'>t</span> <span class='ocrx_word' id='word_1_220' title='bbox 1178 1277 1259 1312; x_wconf 87' lang='lat' dir='ltr'>add.</span> <span class='ocrx_word' id='word_1_221' title='bbox 1285 1282 1317 1311; x_wconf 77' lang='lat' dir='ltr'>et</span> <span class='ocrx_word' id='word_1_222' title='bbox 1342 1278 1518 1322; x_wconf 73' lang='lat' dir='ltr'>Apuliam</span> <span class='ocrx_word' id='word_1_223' title='bbox 1544 1278 1787 1322; x_wconf 68' lang='grc' dir='ltr'><strong>Λιηοειβδμ.</strong></span> <span class='ocrx_word' id='word_1_224' title='bbox 1826 1297 1870 1304; x_wconf 92' lang='grc'>-</span> <span class='ocrx_word' id='word_1_225' title='bbox 1908 1283 1930 1304; x_wconf 80' lang='lat' dir='ltr'>u</span> <span class='ocrx_word' id='word_1_226' title='bbox 1949 1278 2176 1323; x_wconf 72' lang='lat' dir='ltr'>pervenimus</span> 
     </span>
     <span class='ocr_line' id='line_1_31' title="bbox 250 1325 1615 1370; baseline 0 -10"><span class='ocrx_word' id='word_1_227' title='bbox 250 1326 490 1368; x_wconf 70' lang='lat' dir='ltr'>Aaroussbu.</span> <span class='ocrx_word' id='word_1_228' title='bbox 518 1344 562 1348; x_wconf 80' lang='lat'>—</span> <span class='ocrx_word' id='word_1_229' title='bbox 589 1332 606 1350; x_wconf 91' lang='lat' dir='ltr'>v</span> <span class='ocrx_word' id='word_1_230' title='bbox 627 1326 787 1359; x_wconf 64' lang='lat' dir='ltr'>Bar-rum</span> <span class='ocrx_word' id='word_1_231' title='bbox 814 1326 941 1367; x_wconf 73' lang='lat' dir='ltr'>Gassb3</span> <span class='ocrx_word' id='word_1_232' title='bbox 968 1325 1038 1359; x_wconf 83' lang='lat' dir='ltr'>alia</span> <span class='ocrx_word' id='word_1_233' title='bbox 1064 1336 1174 1360; x_wconf 78' lang='lat' dir='ltr'>manu</span> <span class='ocrx_word' id='word_1_234' title='bbox 1201 1336 1378 1370; x_wconf 79' lang='lat' dir='ltr'>suprascr.</span> <span class='ocrx_word' id='word_1_235' title='bbox 1404 1326 1463 1360; x_wconf 87' lang='lat' dir='ltr'>uel</span> <span class='ocrx_word' id='word_1_236' title='bbox 1487 1328 1558 1360; x_wconf 79' lang='lat' dir='ltr'>rim</span> <span class='ocrx_word' id='word_1_237' title='bbox 1584 1336 1615 1362; x_wconf 78' lang='grc' dir='ltr'>Ρ.</span> 
     </span>
    </p>
   </div>
   <div class='ocr_carea' id='block_1_5' title="bbox 251 1456 2216 3240">
    <p class='ocr_par' dir='ltr' id='par_1_5' title="bbox 251 1456 2216 3122">
     <span class='ocr_line' id='line_1_32' title="bbox 251 1456 2178 1510; baseline 0.001 -13"><span class='ocrx_word' id='word_1_238' title='bbox 251 1463 386 1510; x_wconf 80' lang='lat' dir='ltr'>papst</span> <span class='ocrx_word' id='word_1_239' title='bbox 424 1458 502 1496; x_wconf 92' lang='lat' dir='ltr'>und</span> <span class='ocrx_word' id='word_1_240' title='bbox 537 1456 851 1496; x_wconf 82' lang='lat' dir='ltr'>Haercsiarch</span> <span class='ocrx_word' id='word_1_241' title='bbox 895 1470 987 1496; x_wconf 85' lang='lat' dir='ltr'>war.</span> <span class='ocrx_word' id='word_1_242' title='bbox 1055 1457 1165 1496; x_wconf 81' lang='lat' dir='ltr'>Demi</span> <span class='ocrx_word' id='word_1_243' title='bbox 1212 1458 1319 1497; x_wconf 89' lang='lat' dir='ltr'>seine</span> <span class='ocrx_word' id='word_1_244' title='bbox 1358 1457 1627 1509; x_wconf 72' lang='lat' dir='ltr'>pei-soniichen</span> <span class='ocrx_word' id='word_1_245' title='bbox 1662 1457 1972 1508; x_wconf 78' lang='lat' dir='ltr'>Eigenschalten,</span> <span class='ocrx_word' id='word_1_246' title='bbox 2014 1457 2088 1497; x_wconf 90' lang='lat' dir='ltr'>wie</span> <span class='ocrx_word' id='word_1_247' title='bbox 2122 1457 2178 1498; x_wconf 82' lang='lat' dir='ltr'>sie</span> 
     </span>
     <span class='ocr_line' id='line_1_33' title="bbox 251 1512 2192 1567; baseline -0.001 -10"><span class='ocrx_word' id='word_1_248' title='bbox 251 1532 282 1557; x_wconf 88' lang='lat' dir='ltr'>z.</span> <span class='ocrx_word' id='word_1_249' title='bbox 305 1518 347 1557; x_wconf 91' lang='lat' dir='ltr'>B.</span> <span class='ocrx_word' id='word_1_250' title='bbox 379 1516 493 1555; x_wconf 92' lang='lat' dir='ltr'>Wido</span> <span class='ocrx_word' id='word_1_251' title='bbox 524 1516 766 1556; x_wconf 85' lang='lat' dir='ltr'>Fcrrarensis</span> <span class='ocrx_word' id='word_1_252' title='bbox 796 1517 834 1556; x_wconf 91' lang='lat' dir='ltr'>in</span> <span class='ocrx_word' id='word_1_253' title='bbox 865 1516 992 1556; x_wconf 86' lang='lat' dir='ltr'>seiner</span> <span class='ocrx_word' id='word_1_254' title='bbox 1022 1517 1165 1556; x_wconf 85' lang='lat' dir='ltr'>Schrift</span> <span class='ocrx_word' id='word_1_255' title='bbox 1193 1518 1239 1556; x_wconf 93' lang='lat' dir='ltr'>de</span> <span class='ocrx_word' id='word_1_256' title='bbox 1268 1517 1448 1558; x_wconf 84' lang='lat' dir='ltr'>scismate</span> <span class='ocrx_word' id='word_1_257' title='bbox 1468 1516 1722 1557; x_wconf 88' lang='lat' dir='ltr'>Hildebrandi</span> <span class='ocrx_word' id='word_1_258' title='bbox 1751 1516 1848 1566; x_wconf 88' lang='lat' dir='ltr'>(Lib.</span> <span class='ocrx_word' id='word_1_259' title='bbox 1870 1517 1918 1556; x_wconf 90' lang='lat' dir='ltr'>de</span> <span class='ocrx_word' id='word_1_260' title='bbox 1943 1515 2008 1557; x_wconf 89' lang='lat' dir='ltr'>lite</span> <span class='ocrx_word' id='word_1_261' title='bbox 2027 1518 2052 1566; x_wconf 89' lang='lat' dir='ltr'>l,</span> <span class='ocrx_word' id='word_1_262' title='bbox 2081 1512 2192 1567; x_wconf 71' lang='lat'><strong>548)</strong></span> 
     </span>
     <span class='ocr_line' id='line_1_34' title="bbox 252 1575 2177 1629; baseline 0 -13"><span class='ocrx_word' id='word_1_263' title='bbox 252 1577 446 1625; x_wconf 88' lang='lat' dir='ltr'>schildert,</span> <span class='ocrx_word' id='word_1_264' title='bbox 477 1590 538 1616; x_wconf 89' lang='lat' dir='ltr'>wo</span> <span class='ocrx_word' id='word_1_265' title='bbox 559 1577 710 1616; x_wconf 88' lang='lat' dir='ltr'>Wibert</span> <span class='ocrx_word' id='word_1_266' title='bbox 738 1581 912 1627; x_wconf 86' lang='lat' dir='ltr'>genannt</span> <span class='ocrx_word' id='word_1_267' title='bbox 942 1575 1037 1616; x_wconf 87' lang='lat' dir='ltr'>wird</span> <span class='ocrx_word' id='word_1_268' title='bbox 1066 1578 1128 1616; x_wconf 88' lang='lat' dir='ltr'>ein</span> <span class='ocrx_word' id='word_1_269' title='bbox 1163 1577 1242 1625; x_wconf 86' lang='lat' dir='ltr'>„vir</span> <span class='ocrx_word' id='word_1_270' title='bbox 1271 1577 1412 1617; x_wconf 85' lang='lat' dir='ltr'>nobilis</span> <span class='ocrx_word' id='word_1_271' title='bbox 1441 1591 1521 1617; x_wconf 89' lang='lat' dir='ltr'>non</span> <span class='ocrx_word' id='word_1_272' title='bbox 1541 1577 1716 1617; x_wconf 88' lang='lat' dir='ltr'>moribus</span> <span class='ocrx_word' id='word_1_273' title='bbox 1735 1576 1867 1617; x_wconf 89' lang='lat' dir='ltr'>minus</span> <span class='ocrx_word' id='word_1_274' title='bbox 1886 1590 2003 1628; x_wconf 89' lang='lat' dir='ltr'>quam</span> <span class='ocrx_word' id='word_1_275' title='bbox 2022 1590 2177 1629; x_wconf 83' lang='lat' dir='ltr'>genere,</span> 
     </span>
     <span class='ocr_line' id='line_1_35' title="bbox 253 1635 2177 1689; baseline 0 -13"><span class='ocrx_word' id='word_1_276' title='bbox 253 1636 481 1676; x_wconf 85' lang='lat' dir='ltr'>urbanitatis</span> <span class='ocrx_word' id='word_1_277' title='bbox 511 1636 696 1687; x_wconf 82' lang='lat' dir='ltr'>egregiae,</span> <span class='ocrx_word' id='word_1_278' title='bbox 727 1650 903 1676; x_wconf 86' lang='lat' dir='ltr'>summae</span> <span class='ocrx_word' id='word_1_279' title='bbox 934 1637 1159 1688; x_wconf 84' lang='lat' dir='ltr'>prudentiae</span> <span class='ocrx_word' id='word_1_280' title='bbox 1184 1637 1343 1677; x_wconf 87' lang='lat' dir='ltr'>consilio</span> <span class='ocrx_word' id='word_1_281' title='bbox 1364 1637 1558 1689; x_wconf 88' lang='lat' dir='ltr'>providus,</span> <span class='ocrx_word' id='word_1_282' title='bbox 1588 1636 1770 1677; x_wconf 88' lang='lat' dir='ltr'>scientiae</span> <span class='ocrx_word' id='word_1_283' title='bbox 1789 1635 2053 1688; x_wconf 80' lang='lat' dir='ltr'>praerogativa</span> <span class='ocrx_word' id='word_1_284' title='bbox 2071 1650 2177 1688; x_wconf 88' lang='lat' dir='ltr'>prae-</span> 
     </span>
     <span class='ocr_line' id='line_1_36' title="bbox 253 1695 2176 1749; baseline 0 -13"><span class='ocrx_word' id='word_1_285' title='bbox 253 1697 400 1748; x_wconf 87' lang='lat' dir='ltr'>cipuus,</span> <span class='ocrx_word' id='word_1_286' title='bbox 431 1696 574 1746; x_wconf 78' lang='lat' dir='ltr'>ingenii</span> <span class='ocrx_word' id='word_1_287' title='bbox 605 1695 801 1736; x_wconf 83' lang='lat' dir='ltr'>vivacitate</span> <span class='ocrx_word' id='word_1_288' title='bbox 831 1697 1090 1748; x_wconf 86' lang='lat' dir='ltr'>praecelsus“,</span> <span class='ocrx_word' id='word_1_289' title='bbox 1124 1698 1292 1737; x_wconf 84' lang='lat' dir='ltr'>welches</span> <span class='ocrx_word' id='word_1_290' title='bbox 1322 1698 1440 1737; x_wconf 86' lang='lat' dir='ltr'>Urtcil</span> <span class='ocrx_word' id='word_1_291' title='bbox 1469 1698 1568 1738; x_wconf 89' lang='lat' dir='ltr'>auch</span> <span class='ocrx_word' id='word_1_292' title='bbox 1599 1711 1673 1737; x_wconf 90' lang='lat' dir='ltr'>von</span> <span class='ocrx_word' id='word_1_293' title='bbox 1703 1698 1884 1749; x_wconf 82' lang='lat' dir='ltr'>Gegnern</span> <span class='ocrx_word' id='word_1_294' title='bbox 1912 1696 2084 1736; x_wconf 88' lang='lat' dir='ltr'>Wiberts</span> <span class='ocrx_word' id='word_1_295' title='bbox 2114 1697 2176 1737; x_wconf 90' lang='lat' dir='ltr'>be-</span> 
     </span>
     <span class='ocr_line' id='line_1_37' title="bbox 253 1756 2216 1809; baseline 0.003 -14"><span class='ocrx_word' id='word_1_296' title='bbox 253 1756 381 1807; x_wconf 73' lang='lat' dir='ltr'>statigt</span> <span class='ocrx_word' id='word_1_297' title='bbox 411 1756 519 1804; x_wconf 81' lang='lat' dir='ltr'>wird,</span> <span class='ocrx_word' id='word_1_298' title='bbox 549 1757 713 1796; x_wconf 87' lang='lat' dir='ltr'>machen</span> <span class='ocrx_word' id='word_1_299' title='bbox 734 1771 775 1796; x_wconf 89' lang='lat' dir='ltr'>es</span> <span class='ocrx_word' id='word_1_300' title='bbox 796 1757 1034 1808; x_wconf 70' lang='lat' dir='ltr'>unmoglich,</span> <span class='ocrx_word' id='word_1_301' title='bbox 1065 1758 1139 1796; x_wconf 84' lang='lat' dir='ltr'>den</span> <span class='ocrx_word' id='word_1_302' title='bbox 1160 1757 1364 1798; x_wconf 88' lang='lat' dir='ltr'>Ausdruck</span> <span class='ocrx_word' id='word_1_303' title='bbox 1393 1757 1602 1797; x_wconf 91' lang='lat' dir='ltr'>stolidus</span> <span class='ocrx_word' id='word_1_304' title='bbox 1631 1757 1771 1798; x_wconf 89' lang='lat' dir='ltr'>anders</span> <span class='ocrx_word' id='word_1_305' title='bbox 1799 1757 1858 1797; x_wconf 89' lang='lat' dir='ltr'>als</span> <span class='ocrx_word' id='word_1_306' title='bbox 1885 1757 2110 1809; x_wconf 85' lang='lat' dir='ltr'>angegeben</span> <span class='ocrx_word' id='word_1_307' title='bbox 2130 1769 2178 1797; x_wconf 86' lang='lat' dir='ltr'>zu</span> <span class='ocrx_word' id='word_1_308' title='bbox 2214 1794 2216 1800; x_wconf 94' lang='lat'>.</span> 
     </span>
     <span class='ocr_line' id='line_1_38' title="bbox 254 1815 2216 1868; baseline 0.001 -12"><span class='ocrx_word' id='word_1_309' title='bbox 254 1818 407 1856; x_wconf 80' lang='lat' dir='ltr'>deuten.</span> <span class='ocrx_word' id='word_1_310' title='bbox 453 1838 497 1843; x_wconf 92' lang='lat'>—</span> <span class='ocrx_word' id='word_1_311' title='bbox 530 1820 553 1854; x_wconf 85' lang='lat' dir='ltr'>S</span> <span class='ocrx_word' id='word_1_312' title='bbox 582 1815 873 1856; x_wconf 87' lang='lat' dir='ltr'>oblationes:</span> <span class='ocrx_word' id='word_1_313' title='bbox 913 1817 974 1856; x_wconf 86' lang='lat' dir='ltr'>die</span> <span class='ocrx_word' id='word_1_314' title='bbox 1001 1817 1245 1868; x_wconf 82' lang='lat' dir='ltr'>Opsergaben</span> <span class='ocrx_word' id='word_1_315' title='bbox 1284 1818 1352 1857; x_wconf 88' lang='lat' dir='ltr'>der</span> <span class='ocrx_word' id='word_1_316' title='bbox 1379 1817 1647 1865; x_wconf 82' lang='lat' dir='ltr'>Kreuzfahrer,</span> <span class='ocrx_word' id='word_1_317' title='bbox 1686 1816 1748 1857; x_wconf 89' lang='lat' dir='ltr'>die</span> <span class='ocrx_word' id='word_1_318' title='bbox 1782 1817 1957 1856; x_wconf 82' lang='lat' dir='ltr'>offenbar</span> <span class='ocrx_word' id='word_1_319' title='bbox 1984 1829 2055 1857; x_wconf 90' lang='lat' dir='ltr'>aus</span> <span class='ocrx_word' id='word_1_320' title='bbox 2083 1817 2182 1858; x_wconf 88' lang='lat' dir='ltr'>Geld</span> <span class='ocrx_word' id='word_1_321' title='bbox 2214 1843 2216 1846; x_wconf 95' lang='lat'>-</span> 
     </span>
     <span class='ocr_line' id='line_1_39' title="bbox 256 1875 2216 1928; baseline 0.001 -12"><span class='ocrx_word' id='word_1_322' title='bbox 256 1877 469 1916; x_wconf 85' lang='lat' dir='ltr'>hestauden</span> <span class='ocrx_word' id='word_1_323' title='bbox 500 1877 579 1915; x_wconf 89' lang='lat' dir='ltr'>und</span> <span class='ocrx_word' id='word_1_324' title='bbox 608 1876 675 1915; x_wconf 81' lang='lat' dir='ltr'>auf</span> <span class='ocrx_word' id='word_1_325' title='bbox 700 1877 775 1915; x_wconf 86' lang='lat' dir='ltr'>den</span> <span class='ocrx_word' id='word_1_326' title='bbox 795 1876 904 1915; x_wconf 86' lang='lat' dir='ltr'>Altar</span> <span class='ocrx_word' id='word_1_327' title='bbox 926 1876 1182 1928; x_wconf 80' lang='lat' dir='ltr'>niedergelegt</span> <span class='ocrx_word' id='word_1_328' title='bbox 1201 1878 1375 1917; x_wconf 87' lang='lat' dir='ltr'>wurden.</span> <span class='ocrx_word' id='word_1_329' title='bbox 1408 1902 1453 1907; x_wconf 44' lang='grc' dir='ltr'>ψ</span> <span class='ocrx_word' id='word_1_330' title='bbox 1483 1881 1508 1915; x_wconf 80' lang='grc'><strong>9</strong></span> <span class='ocrx_word' id='word_1_331' title='bbox 1528 1877 1692 1917; x_wconf 88' lang='lat' dir='ltr'>trabes</span> <span class='ocrx_word' id='word_1_332' title='bbox 1712 1875 1864 1928; x_wconf 89' lang='lat' dir='ltr'>ipsius</span> <span class='ocrx_word' id='word_1_333' title='bbox 1883 1875 2182 1918; x_wconf 51' lang='lat' dir='ltr'>monasteriis&gt;</span> <span class='ocrx_word' id='word_1_334' title='bbox 2214 1880 2216 1895; x_wconf 87' lang='lat'><strong>¹</strong></span> 
     </span>
     <span class='ocr_line' id='line_1_40' title="bbox 255 1933 2216 1985; baseline 0 -9"><span class='ocrx_word' id='word_1_335' title='bbox 255 1938 324 1976; x_wconf 89' lang='lat' dir='ltr'>das</span> <span class='ocrx_word' id='word_1_336' title='bbox 359 1935 505 1976; x_wconf 73' lang='lat' dir='ltr'>Gebalk</span> <span class='ocrx_word' id='word_1_337' title='bbox 543 1937 610 1975; x_wconf 85' lang='lat' dir='ltr'>des</span> <span class='ocrx_word' id='word_1_338' title='bbox 641 1936 695 1975; x_wconf 90' lang='lat' dir='ltr'>St.</span> <span class='ocrx_word' id='word_1_339' title='bbox 724 1937 1067 1975; x_wconf 79' lang='lat' dir='ltr'>Petersmtinsters.</span> <span class='ocrx_word' id='word_1_340' title='bbox 1126 1937 1166 1976; x_wconf 85' lang='lat' dir='ltr'>S.</span> <span class='ocrx_word' id='word_1_341' title='bbox 1196 1950 1242 1976; x_wconf 92' lang='lat' dir='ltr'>zu</span> <span class='ocrx_word' id='word_1_342' title='bbox 1272 1952 1304 1976; x_wconf 88' lang='lat' dir='ltr'>c.</span> <span class='ocrx_word' id='word_1_343' title='bbox 1328 1938 1357 1975; x_wconf 93' lang='lat' dir='ltr'>V</span> <span class='ocrx_word' id='word_1_344' title='bbox 1388 1951 1411 1976; x_wconf 87' lang='lat' dir='ltr'>n</span> <span class='ocrx_word' id='word_1_345' title='bbox 1447 1938 1506 1977; x_wconf 86' lang='lat'>15.</span> <span class='ocrx_word' id='word_1_346' title='bbox 1541 1959 1586 1964; x_wconf 87' lang='lat'>———</span> <span class='ocrx_word' id='word_1_347' title='bbox 1617 1940 1664 1976; x_wconf 83' lang='lat'>1⁰</span> <span class='ocrx_word' id='word_1_348' title='bbox 1694 1936 1813 1976; x_wconf 84' lang='lat' dir='ltr'>Barth</span> <span class='ocrx_word' id='word_1_349' title='bbox 1841 1937 1956 1976; x_wconf 56' lang='lat'>3012</span> <span class='ocrx_word' id='word_1_350' title='bbox 1975 1935 2044 1985; x_wconf 81' lang='lat' dir='ltr'>„in</span> <span class='ocrx_word' id='word_1_351' title='bbox 2072 1949 2180 1976; x_wconf 84' lang='lat' dir='ltr'>arce</span> <span class='ocrx_word' id='word_1_352' title='bbox 2212 1933 2216 1981; x_wconf 70' lang='lat' dir='ltr'>J</span> 
     </span>
     <span class='ocr_line' id='line_1_41' title="bbox 256 1995 2216 2047; baseline 0.001 -12"><span class='ocrx_word' id='word_1_353' title='bbox 256 1996 392 2036; x_wconf 87' lang='lat' dir='ltr'>turrim</span> <span class='ocrx_word' id='word_1_354' title='bbox 421 1995 522 2043; x_wconf 85' lang='lat' dir='ltr'>dicit,</span> <span class='ocrx_word' id='word_1_355' title='bbox 553 2001 594 2034; x_wconf 90' lang='lat' dir='ltr'>ut</span> <span class='ocrx_word' id='word_1_356' title='bbox 623 1995 790 2035; x_wconf 89' lang='lat' dir='ltr'>vicissim</span> <span class='ocrx_word' id='word_1_357' title='bbox 821 2001 944 2044; x_wconf 83' lang='lat' dir='ltr'>turres</span> <span class='ocrx_word' id='word_1_358' title='bbox 974 1997 1214 2047; x_wconf 85' lang='lat' dir='ltr'>appellantur</span> <span class='ocrx_word' id='word_1_359' title='bbox 1242 2010 1361 2044; x_wconf 86' lang='lat' dir='ltr'>arces,</span> <span class='ocrx_word' id='word_1_360' title='bbox 1398 2002 1440 2036; x_wconf 92' lang='lat' dir='ltr'>ut</span> <span class='ocrx_word' id='word_1_361' title='bbox 1469 1997 1584 2036; x_wconf 88' lang='lat' dir='ltr'>turris</span> <span class='ocrx_word' id='word_1_362' title='bbox 1612 1995 1746 2044; x_wconf 87' lang='lat' dir='ltr'>David,</span> <span class='ocrx_word' id='word_1_363' title='bbox 1783 2009 1854 2036; x_wconf 82' lang='lat' dir='ltr'>arx</span> <span class='ocrx_word' id='word_1_364' title='bbox 1882 1995 1977 2036; x_wconf 88' lang='lat' dir='ltr'>Sion</span> <span class='ocrx_word' id='word_1_365' title='bbox 2005 2001 2076 2036; x_wconf 88' lang='lat' dir='ltr'>etc.</span> <span class='ocrx_word' id='word_1_366' title='bbox 2124 1995 2181 2036; x_wconf 80' lang='lat' dir='ltr'>sic</span> <span class='ocrx_word' id='word_1_367' title='bbox 2212 2009 2216 2014; x_wconf 66' lang='lat'><strong>⁴</strong></span> 
     </span>
     <span class='ocr_line' id='line_1_42' title="bbox 256 2053 2182 2106; baseline -0.001 -11"><span class='ocrx_word' id='word_1_368' title='bbox 256 2057 355 2096; x_wconf 87' lang='lat' dir='ltr'>infra</span> <span class='ocrx_word' id='word_1_369' title='bbox 383 2069 465 2106; x_wconf 86' lang='lat' dir='ltr'>cap.</span> <span class='ocrx_word' id='word_1_370' title='bbox 486 2056 645 2095; x_wconf 86' lang='lat' dir='ltr'>XXV1“.</span> <span class='ocrx_word' id='word_1_371' title='bbox 694 2055 830 2095; x_wconf 87' lang='lat' dir='ltr'>Guizot</span> <span class='ocrx_word' id='word_1_372' title='bbox 859 2069 894 2106; x_wconf 89' lang='lat' dir='ltr'>p.</span> <span class='ocrx_word' id='word_1_373' title='bbox 920 2057 985 2095; x_wconf 76' lang='lat'>19:</span> <span class='ocrx_word' id='word_1_374' title='bbox 1021 2057 1140 2103; x_wconf 83' lang='lat' dir='ltr'>„dans</span> <span class='ocrx_word' id='word_1_375' title='bbox 1170 2069 1247 2095; x_wconf 87' lang='lat' dir='ltr'>unc</span> <span class='ocrx_word' id='word_1_376' title='bbox 1276 2062 1362 2096; x_wconf 90' lang='lat' dir='ltr'>tour</span> <span class='ocrx_word' id='word_1_377' title='bbox 1390 2057 1438 2096; x_wconf 91' lang='lat' dir='ltr'>de</span> <span class='ocrx_word' id='word_1_378' title='bbox 1467 2069 1510 2096; x_wconf 92' lang='lat' dir='ltr'>ce</span> <span class='ocrx_word' id='word_1_379' title='bbox 1534 2061 1661 2096; x_wconf 81' lang='lat' dir='ltr'>meme</span> <span class='ocrx_word' id='word_1_380' title='bbox 1680 2056 1941 2096; x_wconf 71' lang='lat' dir='ltr'>monastere“.</span> <span class='ocrx_word' id='word_1_381' title='bbox 1978 2077 2013 2083; x_wconf 97' lang='lat'><strong>—</strong></span> <span class='ocrx_word' id='word_1_382' title='bbox 2049 2058 2092 2095; x_wconf 89' lang='lat'>11</span> <span class='ocrx_word' id='word_1_383' title='bbox 2111 2053 2182 2106; x_wconf 42' lang='lat' dir='ltr'>Min,</span> 
     </span>
     <span class='ocr_line' id='line_1_43' title="bbox 257 2114 2183 2168; baseline -0.001 -13"><span class='ocrx_word' id='word_1_384' title='bbox 257 2114 482 2155; x_wconf 84' lang='lat' dir='ltr'>atrocitas</span> <span class='ocrx_word' id='word_1_385' title='bbox 526 2114 575 2154; x_wconf 92' lang='lat' dir='ltr'>ist</span> <span class='ocrx_word' id='word_1_386' title='bbox 618 2115 686 2154; x_wconf 90' lang='lat' dir='ltr'>das</span> <span class='ocrx_word' id='word_1_387' title='bbox 726 2115 1009 2163; x_wconf 88' lang='lat' dir='ltr'>Schreckliche‚</span> <span class='ocrx_word' id='word_1_388' title='bbox 1049 2115 1307 2167; x_wconf 71' lang='lat' dir='ltr'>Emporende,</span> <span class='ocrx_word' id='word_1_389' title='bbox 1345 2115 1630 2156; x_wconf 87' lang='lat' dir='ltr'>Abscheuliche</span> <span class='ocrx_word' id='word_1_390' title='bbox 1665 2117 1778 2168; x_wconf 84' lang='lat' dir='ltr'>jener</span> <span class='ocrx_word' id='word_1_391' title='bbox 1813 2115 2098 2168; x_wconf 71' lang='lat' dir='ltr'>Parteikttmpfe</span> <span class='ocrx_word' id='word_1_392' title='bbox 2138 2114 2183 2154; x_wconf 70' lang='lat' dir='ltr'>i·</span> 
     </span>
     <span class='ocr_line' id='line_1_44' title="bbox 258 2174 2164 2227; baseline -0.001 -12"><span class='ocrx_word' id='word_1_393' title='bbox 258 2177 371 2222; x_wconf 85' lang='lat' dir='ltr'>Rom,</span> <span class='ocrx_word' id='word_1_394' title='bbox 402 2175 471 2214; x_wconf 91' lang='lat' dir='ltr'>mit</span> <span class='ocrx_word' id='word_1_395' title='bbox 500 2174 712 2225; x_wconf 85' lang='lat' dir='ltr'>nequitia</span> <span class='ocrx_word' id='word_1_396' title='bbox 741 2188 814 2214; x_wconf 89' lang='lat' dir='ltr'>nur</span> <span class='ocrx_word' id='word_1_397' title='bbox 843 2174 903 2214; x_wconf 92' lang='lat' dir='ltr'>die</span> <span class='ocrx_word' id='word_1_398' title='bbox 932 2174 1019 2214; x_wconf 89' lang='lat' dir='ltr'>eine</span> <span class='ocrx_word' id='word_1_399' title='bbox 1038 2175 1140 2214; x_wconf 88' lang='lat' dir='ltr'>Seite</span> <span class='ocrx_word' id='word_1_400' title='bbox 1169 2177 1237 2214; x_wconf 90' lang='lat' dir='ltr'>des</span> <span class='ocrx_word' id='word_1_401' title='bbox 1257 2175 1594 2227; x_wconf 79' lang='lat' dir='ltr'>Nichtswiirdigen</span> <span class='ocrx_word' id='word_1_402' title='bbox 1622 2175 1827 2215; x_wconf 89' lang='lat' dir='ltr'>derselben</span> <span class='ocrx_word' id='word_1_403' title='bbox 1846 2174 2164 2226; x_wconf 83' lang='lat' dir='ltr'>hervorgehoben</span> 
     </span>
     <span class='ocr_line' id='line_1_45' title="bbox 258 2228 2211 2291; baseline -0.001 -16"><span class='ocrx_word' id='word_1_404' title='bbox 258 2235 326 2275; x_wconf 92' lang='lat' dir='ltr'>Die</span> <span class='ocrx_word' id='word_1_405' title='bbox 344 2228 560 2285; x_wconf 37' lang='lat' dir='ltr'>,liuderung</span> <span class='ocrx_word' id='word_1_406' title='bbox 590 2235 627 2273; x_wconf 92' lang='lat' dir='ltr'>in</span> <span class='ocrx_word' id='word_1_407' title='bbox 658 2235 725 2273; x_wconf 89' lang='lat' dir='ltr'>der</span> <span class='ocrx_word' id='word_1_408' title='bbox 754 2234 913 2273; x_wconf 88' lang='lat' dir='ltr'>zweiten</span> <span class='ocrx_word' id='word_1_409' title='bbox 935 2235 1149 2274; x_wconf 82' lang='lat' dir='ltr'>Redaktion</span> <span class='ocrx_word' id='word_1_410' title='bbox 1179 2236 1246 2274; x_wconf 82' lang='lat' dir='ltr'>liat</span> <span class='ocrx_word' id='word_1_411' title='bbox 1275 2236 1378 2274; x_wconf 91' lang='lat' dir='ltr'>wohl</span> <span class='ocrx_word' id='word_1_412' title='bbox 1408 2236 1518 2275; x_wconf 78' lang='lat' dir='ltr'>dai-in</span> <span class='ocrx_word' id='word_1_413' title='bbox 1548 2235 1657 2275; x_wconf 88' lang='lat' dir='ltr'>ihren</span> <span class='ocrx_word' id='word_1_414' title='bbox 1679 2236 1827 2282; x_wconf 86' lang='lat' dir='ltr'>Grund,</span> <span class='ocrx_word' id='word_1_415' title='bbox 1857 2248 1925 2275; x_wconf 91' lang='lat' dir='ltr'>um</span> <span class='ocrx_word' id='word_1_416' title='bbox 1952 2233 2013 2274; x_wconf 84' lang='lat' dir='ltr'>die</span> <span class='ocrx_word' id='word_1_417' title='bbox 2033 2234 2165 2274; x_wconf 83' lang='lat' dir='ltr'>Rache</span> <span class='ocrx_word' id='word_1_418' title='bbox 2202 2239 2211 2291; x_wconf 12' lang='grc' dir='ltr'>’ἵ</span> 
     </span>
     <span class='ocr_line' id='line_1_46' title="bbox 259 2294 2211 2346; baseline -0.001 -11"><span class='ocrx_word' id='word_1_419' title='bbox 259 2294 472 2345; x_wconf 85' lang='lat' dir='ltr'>stimmung</span> <span class='ocrx_word' id='word_1_420' title='bbox 500 2295 567 2333; x_wconf 90' lang='lat' dir='ltr'>der</span> <span class='ocrx_word' id='word_1_421' title='bbox 587 2294 842 2333; x_wconf 83' lang='lat' dir='ltr'>Kreuzsahrer</span> <span class='ocrx_word' id='word_1_422' title='bbox 871 2294 1124 2346; x_wconf 85' lang='lat' dir='ltr'>berechtigter</span> <span class='ocrx_word' id='word_1_423' title='bbox 1150 2295 1378 2335; x_wconf 87' lang='lat' dir='ltr'>erscheinen</span> <span class='ocrx_word' id='word_1_424' title='bbox 1398 2309 1446 2334; x_wconf 88' lang='lat' dir='ltr'>zu</span> <span class='ocrx_word' id='word_1_425' title='bbox 1466 2296 1607 2336; x_wconf 88' lang='lat' dir='ltr'>lassen.</span> <span class='ocrx_word' id='word_1_426' title='bbox 1639 2320 1686 2324; x_wconf 90' lang='lat'>—</span> <span class='ocrx_word' id='word_1_427' title='bbox 1716 2298 1762 2335; x_wconf 80' lang='lat'>12</span> <span class='ocrx_word' id='word_1_428' title='bbox 1781 2295 1901 2335; x_wconf 82' lang='lat' dir='ltr'>Barth</span> <span class='ocrx_word' id='word_1_429' title='bbox 1920 2295 2017 2335; x_wconf 84' lang='lat'>301:</span> <span class='ocrx_word' id='word_1_430' title='bbox 2051 2294 2182 2343; x_wconf 71' lang='lat' dir='ltr'>„vino</span> <span class='ocrx_word' id='word_1_431' title='bbox 2210 2322 2211 2327; x_wconf 65' lang='lat'>,</span> 
     </span>
     <span class='ocr_line' id='line_1_47' title="bbox 258 2335 2216 2424; baseline 0.001 -30"><span class='ocrx_word' id='word_1_432' title='bbox 258 2355 431 2394; x_wconf 89' lang='lat' dir='ltr'>dictam</span> <span class='ocrx_word' id='word_1_433' title='bbox 463 2353 805 2404; x_wconf 84' lang='lat' dir='ltr'>exoptavimus:</span> <span class='ocrx_word' id='word_1_434' title='bbox 842 2355 916 2393; x_wconf 88' lang='lat' dir='ltr'>hoc</span> <span class='ocrx_word' id='word_1_435' title='bbox 945 2367 1039 2393; x_wconf 88' lang='lat' dir='ltr'>sane</span> <span class='ocrx_word' id='word_1_436' title='bbox 1068 2358 1201 2394; x_wconf 88' lang='lat' dir='ltr'>votum</span> <span class='ocrx_word' id='word_1_437' title='bbox 1231 2360 1361 2406; x_wconf 89' lang='lat' dir='ltr'>aperte</span> <span class='ocrx_word' id='word_1_438' title='bbox 1389 2362 1525 2395; x_wconf 88' lang='lat' dir='ltr'>contra</span> <span class='ocrx_word' id='word_1_439' title='bbox 1553 2356 1668 2396; x_wconf 85' lang='lat' dir='ltr'>fidem</span> <span class='ocrx_word' id='word_1_440' title='bbox 1697 2360 1735 2395; x_wconf 89' lang='lat' dir='ltr'>et</span> <span class='ocrx_word' id='word_1_441' title='bbox 1766 2355 1891 2406; x_wconf 84' lang='lat' dir='ltr'>legem</span> <span class='ocrx_word' id='word_1_442' title='bbox 1919 2335 2216 2424; x_wconf 37' lang='lat' dir='ltr'>Christianam}</span> 
     </span>
     <span class='ocr_line' id='line_1_48' title="bbox 260 2413 2155 2467; baseline -0.001 -13"><span class='ocrx_word' id='word_1_443' title='bbox 260 2420 334 2462; x_wconf 81' lang='lat' dir='ltr'>est3</span> <span class='ocrx_word' id='word_1_444' title='bbox 364 2414 482 2453; x_wconf 89' lang='lat' dir='ltr'>habet</span> <span class='ocrx_word' id='word_1_445' title='bbox 510 2419 638 2452; x_wconf 89' lang='lat' dir='ltr'>tamen</span> <span class='ocrx_word' id='word_1_446' title='bbox 669 2413 846 2464; x_wconf 88' lang='lat' dir='ltr'>exempla</span> <span class='ocrx_word' id='word_1_447' title='bbox 875 2413 914 2452; x_wconf 91' lang='lat' dir='ltr'>in</span> <span class='ocrx_word' id='word_1_448' title='bbox 945 2413 1153 2465; x_wconf 84' lang='lat' dir='ltr'>Scriptura,</span> <span class='ocrx_word' id='word_1_449' title='bbox 1185 2414 1388 2466; x_wconf 85' lang='lat' dir='ltr'>praecipue</span> <span class='ocrx_word' id='word_1_450' title='bbox 1417 2415 1455 2454; x_wconf 90' lang='lat' dir='ltr'>in</span> <span class='ocrx_word' id='word_1_451' title='bbox 1485 2415 1663 2464; x_wconf 85' lang='lat' dir='ltr'>Psalmis,</span> <span class='ocrx_word' id='word_1_452' title='bbox 1692 2427 1859 2467; x_wconf 88' lang='lat' dir='ltr'>quorum</span> <span class='ocrx_word' id='word_1_453' title='bbox 1887 2414 2031 2465; x_wconf 84' lang='lat' dir='ltr'>aliquot</span> <span class='ocrx_word' id='word_1_454' title='bbox 2058 2426 2155 2466; x_wconf 89' lang='lat' dir='ltr'>paen</span> 
     </span>
     <span class='ocr_line' id='line_1_49' title="bbox 261 2471 2162 2525; baseline -0.001 -12"><span class='ocrx_word' id='word_1_455' title='bbox 261 2474 327 2513; x_wconf 85' lang='lat' dir='ltr'>toti</span> <span class='ocrx_word' id='word_1_456' title='bbox 356 2478 448 2513; x_wconf 86' lang='lat' dir='ltr'>sunt</span> <span class='ocrx_word' id='word_1_457' title='bbox 475 2472 649 2524; x_wconf 87' lang='lat' dir='ltr'>occupati</span> <span class='ocrx_word' id='word_1_458' title='bbox 678 2473 718 2512; x_wconf 92' lang='lat' dir='ltr'>in</span> <span class='ocrx_word' id='word_1_459' title='bbox 738 2473 1001 2512; x_wconf 87' lang='lat' dir='ltr'>exsecratione</span> <span class='ocrx_word' id='word_1_460' title='bbox 1021 2478 1058 2512; x_wconf 90' lang='lat' dir='ltr'>et</span> <span class='ocrx_word' id='word_1_461' title='bbox 1077 2473 1278 2513; x_wconf 87' lang='lat' dir='ltr'>devotione</span> <span class='ocrx_word' id='word_1_462' title='bbox 1300 2474 1584 2514; x_wconf 86' lang='lat' dir='ltr'>inimicorum“.</span> <span class='ocrx_word' id='word_1_463' title='bbox 1618 2497 1663 2501; x_wconf 97' lang='lat'><strong>—</strong></span> <span class='ocrx_word' id='word_1_464' title='bbox 1694 2477 1741 2514; x_wconf 76' lang='lat'>18</span> <span class='ocrx_word' id='word_1_465' title='bbox 1759 2474 1949 2525; x_wconf 83' lang='lat' dir='ltr'>ignavia</span> <span class='ocrx_word' id='word_1_466' title='bbox 1966 2471 2162 2513; x_wconf 88' lang='lat' dir='ltr'>marcidi</span> 
     </span>
     <span class='ocr_line' id='line_1_50' title="bbox 260 2533 2165 2586; baseline -0.001 -12"><span class='ocrx_word' id='word_1_467' title='bbox 260 2547 330 2574; x_wconf 90' lang='lat' dir='ltr'>aus</span> <span class='ocrx_word' id='word_1_468' title='bbox 359 2533 512 2584; x_wconf 87' lang='lat' dir='ltr'>Mangel</span> <span class='ocrx_word' id='word_1_469' title='bbox 541 2546 591 2572; x_wconf 86' lang='lat' dir='ltr'>an</span> <span class='ocrx_word' id='word_1_470' title='bbox 621 2533 703 2571; x_wconf 90' lang='lat' dir='ltr'>Mut</span> <span class='ocrx_word' id='word_1_471' title='bbox 733 2534 812 2572; x_wconf 90' lang='lat' dir='ltr'>und</span> <span class='ocrx_word' id='word_1_472' title='bbox 841 2533 1003 2584; x_wconf 84' lang='lat' dir='ltr'>Euergie</span> <span class='ocrx_word' id='word_1_473' title='bbox 1032 2534 1100 2572; x_wconf 89' lang='lat' dir='ltr'>der</span> <span class='ocrx_word' id='word_1_474' title='bbox 1129 2534 1254 2573; x_wconf 88' lang='lat' dir='ltr'>Sache</span> <span class='ocrx_word' id='word_1_475' title='bbox 1283 2535 1411 2574; x_wconf 78' lang='lat' dir='ltr'>miide.</span> <span class='ocrx_word' id='word_1_476' title='bbox 1461 2535 1598 2574; x_wconf 90' lang='lat' dir='ltr'>Guizot</span> <span class='ocrx_word' id='word_1_477' title='bbox 1618 2549 1653 2586; x_wconf 91' lang='lat' dir='ltr'>p.</span> <span class='ocrx_word' id='word_1_478' title='bbox 1678 2535 1744 2574; x_wconf 87' lang='lat'>19:</span> <span class='ocrx_word' id='word_1_479' title='bbox 1778 2533 1882 2583; x_wconf 86' lang='lat' dir='ltr'>„s’en</span> <span class='ocrx_word' id='word_1_480' title='bbox 1913 2537 2165 2573; x_wconf 78' lang='lat' dir='ltr'>retourneren</span> 
     </span>
     <span class='ocr_line' id='line_1_51' title="bbox 262 2593 2106 2646; baseline 0 -14"><span class='ocrx_word' id='word_1_481' title='bbox 262 2594 480 2632; x_wconf 82' lang='lat' dir='ltr'>lachement</span> <span class='ocrx_word' id='word_1_482' title='bbox 517 2593 609 2631; x_wconf 84' lang='lat' dir='ltr'>chez</span> <span class='ocrx_word' id='word_1_483' title='bbox 648 2593 760 2632; x_wconf 88' lang='lat' dir='ltr'>eux“.</span> <span class='ocrx_word' id='word_1_484' title='bbox 808 2615 852 2620; x_wconf 88' lang='lat'>—</span> <span class='ocrx_word' id='word_1_485' title='bbox 892 2594 939 2631; x_wconf 79' lang='lat'>14</span> <span class='ocrx_word' id='word_1_486' title='bbox 967 2595 1012 2640; x_wconf 57' lang='grc' dir='ltr'>ἐξ</span> <span class='ocrx_word' id='word_1_487' title='bbox 1042 2594 1065 2631; x_wconf 73' lang='lat'>4</span> <span class='ocrx_word' id='word_1_488' title='bbox 1095 2606 1133 2632; x_wconf 94' lang='lat' dir='ltr'>u.</span> <span class='ocrx_word' id='word_1_489' title='bbox 1164 2595 1207 2633; x_wconf 80' lang='lat'>5:</span> <span class='ocrx_word' id='word_1_490' title='bbox 1255 2594 1467 2646; x_wconf 72' lang='lat' dir='ltr'>Weiterzuy</span> <span class='ocrx_word' id='word_1_491' title='bbox 1505 2596 1576 2633; x_wconf 85' lang='lat' dir='ltr'>der</span> <span class='ocrx_word' id='word_1_492' title='bbox 1602 2595 1878 2644; x_wconf 76' lang='lat' dir='ltr'>Kreuzfakrer</span> <span class='ocrx_word' id='word_1_493' title='bbox 1912 2594 2010 2633; x_wconf 78' lang='lat' dir='ltr'>nach</span> <span class='ocrx_word' id='word_1_494' title='bbox 2047 2593 2106 2632; x_wconf 80' lang='lat' dir='ltr'>Un</span> 
     </span>
     <span class='ocr_line' id='line_1_52' title="bbox 263 2653 2102 2703; baseline 0.001 -12"><span class='ocrx_word' id='word_1_495' title='bbox 263 2655 410 2703; x_wconf 77' lang='lat' dir='ltr'>italien,</span> <span class='ocrx_word' id='word_1_496' title='bbox 444 2665 500 2691; x_wconf 87' lang='lat' dir='ltr'>wo</span> <span class='ocrx_word' id='word_1_497' title='bbox 531 2653 670 2691; x_wconf 73' lang='lat' dir='ltr'>Robert</span> <span class='ocrx_word' id='word_1_498' title='bbox 707 2654 777 2691; x_wconf 80' lang='lat' dir='ltr'>der</span> <span class='ocrx_word' id='word_1_499' title='bbox 806 2653 1035 2692; x_wconf 76' lang='lat' dir='ltr'>Normanne</span> <span class='ocrx_word' id='word_1_500' title='bbox 1071 2654 1350 2703; x_wconf 62' lang='lat' dir='ltr'>abet-winterte,</span> <span class='ocrx_word' id='word_1_501' title='bbox 1387 2667 1458 2693; x_wconf 85' lang='lat' dir='ltr'>von</span> <span class='ocrx_word' id='word_1_502' title='bbox 1491 2668 1548 2693; x_wconf 89' lang='lat' dir='ltr'>wo</span> <span class='ocrx_word' id='word_1_503' title='bbox 1577 2655 1719 2693; x_wconf 81' lang='lat' dir='ltr'>Robert</span> <span class='ocrx_word' id='word_1_504' title='bbox 1745 2667 1818 2693; x_wconf 83' lang='lat' dir='ltr'>von</span> <span class='ocrx_word' id='word_1_505' title='bbox 1844 2653 2048 2692; x_wconf 69' lang='lat' dir='ltr'>mandem</span> <span class='ocrx_word' id='word_1_506' title='bbox 2083 2656 2102 2664; x_wconf 81' lang='lat'>‘&#39;</span> 
     </span>
     <span class='ocr_line' id='line_1_53' title="bbox 261 2711 2160 2753; baseline 0.001 -4"><span class='ocrx_word' id='word_1_507' title='bbox 261 2718 375 2752; x_wconf 69' lang='lat' dir='ltr'>setzce</span> <span class='ocrx_word' id='word_1_508' title='bbox 412 2714 491 2751; x_wconf 77' lang='lat' dir='ltr'>mul</span> <span class='ocrx_word' id='word_1_509' title='bbox 530 2713 619 2750; x_wconf 78' lang='lat' dir='ltr'>sehr</span> <span class='ocrx_word' id='word_1_510' title='bbox 646 2713 737 2751; x_wconf 62' lang='lat' dir='ltr'>niele</span> <span class='ocrx_word' id='word_1_511' title='bbox 764 2726 836 2751; x_wconf 82' lang='lat' dir='ltr'>aus</span> <span class='ocrx_word' id='word_1_512' title='bbox 863 2714 948 2751; x_wconf 75' lang='lat' dir='ltr'>(lem</span> <span class='ocrx_word' id='word_1_513' title='bbox 986 2713 1098 2751; x_wconf 76' lang='lat' dir='ltr'><em>Volloe</em></span> <span class='ocrx_word' id='word_1_514' title='bbox 1126 2714 1268 2751; x_wconf 79' lang='lat' dir='ltr'>wieder</span> <span class='ocrx_word' id='word_1_515' title='bbox 1294 2715 1393 2752; x_wconf 80' lang='lat' dir='ltr'>nach</span> <span class='ocrx_word' id='word_1_516' title='bbox 1422 2715 1555 2753; x_wconf 80' lang='lat' dir='ltr'>Hause</span> <span class='ocrx_word' id='word_1_517' title='bbox 1582 2714 1898 2753; x_wconf 71' lang='lat' dir='ltr'>zuriickloehrten.</span> <span class='ocrx_word' id='word_1_518' title='bbox 1938 2734 1986 2739; x_wconf 84' lang='lat'>—-</span> <span class='ocrx_word' id='word_1_519' title='bbox 2025 2713 2071 2751; x_wconf 77' lang='lat'>15</span> <span class='ocrx_word' id='word_1_520' title='bbox 2098 2711 2160 2751; x_wconf 88' lang='lat' dir='ltr'>Au</span> 
     </span>
     <span class='ocr_line' id='line_1_54' title="bbox 264 2770 2154 2824; baseline -0.001 -13"><span class='ocrx_word' id='word_1_521' title='bbox 264 2773 364 2811; x_wconf 82' lang='lat' dir='ltr'>Petr.</span> <span class='ocrx_word' id='word_1_522' title='bbox 394 2771 488 2810; x_wconf 88' lang='lat' dir='ltr'>diac.</span> <span class='ocrx_word' id='word_1_523' title='bbox 520 2772 569 2810; x_wconf 91' lang='lat' dir='ltr'>M.</span> <span class='ocrx_word' id='word_1_524' title='bbox 592 2771 638 2810; x_wconf 90' lang='lat' dir='ltr'>G.</span> <span class='ocrx_word' id='word_1_525' title='bbox 659 2771 728 2811; x_wconf 84' lang='lat' dir='ltr'>SS.</span> <span class='ocrx_word' id='word_1_526' title='bbox 748 2772 831 2819; x_wconf 87' lang='lat' dir='ltr'>Vll,</span> <span class='ocrx_word' id='word_1_527' title='bbox 862 2773 939 2811; x_wconf 84' lang='lat'>765</span> <span class='ocrx_word' id='word_1_528' title='bbox 968 2772 1150 2811; x_wconf 88' lang='lat' dir='ltr'>erfahren</span> <span class='ocrx_word' id='word_1_529' title='bbox 1181 2771 1263 2819; x_wconf 90' lang='lat' dir='ltr'>wir,</span> <span class='ocrx_word' id='word_1_530' title='bbox 1292 2773 1368 2812; x_wconf 64' lang='lat' dir='ltr'>dat}</span> <span class='ocrx_word' id='word_1_531' title='bbox 1396 2773 1468 2812; x_wconf 86' lang='lat' dir='ltr'>alle</span> <span class='ocrx_word' id='word_1_532' title='bbox 1496 2773 1557 2812; x_wconf 90' lang='lat' dir='ltr'>die</span> <span class='ocrx_word' id='word_1_533' title='bbox 1585 2777 1809 2824; x_wconf 87' lang='lat' dir='ltr'>genannten</span> <span class='ocrx_word' id='word_1_534' title='bbox 1837 2770 2154 2812; x_wconf 76' lang='lat' dir='ltr'>westfrankische</span> 
     </span>
     <span class='ocr_line' id='line_1_55' title="bbox 263 2830 2115 2884; baseline 0.001 -15"><span class='ocrx_word' id='word_1_535' title='bbox 263 2832 518 2870; x_wconf 82' lang='lat' dir='ltr'>Kreuzfahrer</span> <span class='ocrx_word' id='word_1_536' title='bbox 557 2832 651 2870; x_wconf 75' lang='lat' dir='ltr'>tiber</span> <span class='ocrx_word' id='word_1_537' title='bbox 680 2831 834 2870; x_wconf 91' lang='lat' dir='ltr'>Monte</span> <span class='ocrx_word' id='word_1_538' title='bbox 862 2830 1061 2871; x_wconf 86' lang='lat' dir='ltr'>Cassino</span> <span class='ocrx_word' id='word_1_539' title='bbox 1099 2844 1263 2882; x_wconf 84' lang='lat' dir='ltr'>gezogen</span> <span class='ocrx_word' id='word_1_540' title='bbox 1296 2831 1400 2871; x_wconf 90' lang='lat' dir='ltr'>sind:</span> <span class='ocrx_word' id='word_1_541' title='bbox 1445 2833 1577 2881; x_wconf 87' lang='lat' dir='ltr'>„tertia</span> <span class='ocrx_word' id='word_1_542' title='bbox 1611 2837 1741 2872; x_wconf 86' lang='lat' dir='ltr'>autem</span> <span class='ocrx_word' id='word_1_543' title='bbox 1770 2845 1859 2884; x_wconf 89' lang='lat' dir='ltr'>pars</span> <span class='ocrx_word' id='word_1_544' title='bbox 1887 2845 1955 2884; x_wconf 89' lang='lat' dir='ltr'>per</span> <span class='ocrx_word' id='word_1_545' title='bbox 1983 2831 2115 2881; x_wconf 88' lang='lat' dir='ltr'>antiqu</span> 
     </span>
     <span class='ocr_line' id='line_1_56' title="bbox 264 2889 2143 2931; baseline 0.001 -2"><span class='ocrx_word' id='word_1_546' title='bbox 264 2896 423 2930; x_wconf 87' lang='lat' dir='ltr'>stratam</span> <span class='ocrx_word' id='word_1_547' title='bbox 462 2891 627 2930; x_wconf 87' lang='lat' dir='ltr'>Romam</span> <span class='ocrx_word' id='word_1_548' title='bbox 675 2890 778 2930; x_wconf 92' lang='lat' dir='ltr'>venit</span> <span class='ocrx_word' id='word_1_549' title='bbox 815 2904 904 2930; x_wconf 91' lang='lat' dir='ltr'>cum</span> <span class='ocrx_word' id='word_1_550' title='bbox 941 2890 1112 2930; x_wconf 87' lang='lat' dir='ltr'>Roberto</span> <span class='ocrx_word' id='word_1_551' title='bbox 1149 2890 1292 2931; x_wconf 86' lang='lat' dir='ltr'>scilicet</span> <span class='ocrx_word' id='word_1_552' title='bbox 1329 2891 1468 2931; x_wconf 90' lang='lat' dir='ltr'>comite</span> <span class='ocrx_word' id='word_1_553' title='bbox 1503 2892 1732 2931; x_wconf 88' lang='lat' dir='ltr'>Flandrensi</span> <span class='ocrx_word' id='word_1_554' title='bbox 1766 2897 1803 2931; x_wconf 89' lang='lat' dir='ltr'>et</span> <span class='ocrx_word' id='word_1_555' title='bbox 1837 2892 2006 2931; x_wconf 87' lang='lat' dir='ltr'>Roberto</span> <span class='ocrx_word' id='word_1_556' title='bbox 2043 2889 2143 2930; x_wconf 90' lang='lat' dir='ltr'>comi</span> 
     </span>
     <span class='ocr_line' id='line_1_57' title="bbox 264 2947 2160 3002; baseline 0.001 -14"><span class='ocrx_word' id='word_1_557' title='bbox 264 2950 527 2989; x_wconf 86' lang='lat' dir='ltr'>Normanniae</span> <span class='ocrx_word' id='word_1_558' title='bbox 556 2955 592 2989; x_wconf 85' lang='lat' dir='ltr'>et</span> <span class='ocrx_word' id='word_1_559' title='bbox 611 2950 778 3002; x_wconf 85' lang='lat' dir='ltr'>Hugone</span> <span class='ocrx_word' id='word_1_560' title='bbox 807 2950 871 3000; x_wconf 89' lang='lat' dir='ltr'>qui</span> <span class='ocrx_word' id='word_1_561' title='bbox 902 2955 1058 2990; x_wconf 88' lang='lat' dir='ltr'>vocatus</span> <span class='ocrx_word' id='word_1_562' title='bbox 1087 2955 1145 2989; x_wconf 86' lang='lat' dir='ltr'>est</span> <span class='ocrx_word' id='word_1_563' title='bbox 1173 2964 1351 3001; x_wconf 88' lang='lat' dir='ltr'>magnus,</span> <span class='ocrx_word' id='word_1_564' title='bbox 1381 2956 1418 2990; x_wconf 85' lang='lat' dir='ltr'>et</span> <span class='ocrx_word' id='word_1_565' title='bbox 1447 2952 1637 2991; x_wconf 85' lang='lat' dir='ltr'>Guilelmo</span> <span class='ocrx_word' id='word_1_566' title='bbox 1662 2950 1857 2991; x_wconf 86' lang='lat' dir='ltr'>Marchisii</span> <span class='ocrx_word' id='word_1_567' title='bbox 1886 2950 1963 2990; x_wconf 86' lang='lat' dir='ltr'>filio</span> <span class='ocrx_word' id='word_1_568' title='bbox 1991 2962 2080 2989; x_wconf 88' lang='lat' dir='ltr'>cum</span> <span class='ocrx_word' id='word_1_569' title='bbox 2137 2947 2160 2957; x_wconf 75' lang='lat'>&#39;⁶</span> 
     </span>
     <span class='ocr_line' id='line_1_58' title="bbox 267 3009 2103 3061; baseline 0.001 -15"><span class='ocrx_word' id='word_1_570' title='bbox 267 3009 452 3059; x_wconf 87' lang='lat' dir='ltr'>pluribus,</span> <span class='ocrx_word' id='word_1_571' title='bbox 488 3009 553 3059; x_wconf 90' lang='lat' dir='ltr'>qui</span> <span class='ocrx_word' id='word_1_572' title='bbox 591 3010 763 3050; x_wconf 86' lang='lat' dir='ltr'>videlicet</span> <span class='ocrx_word' id='word_1_573' title='bbox 800 3023 936 3049; x_wconf 84' lang='lat' dir='ltr'>omnes</span> <span class='ocrx_word' id='word_1_574' title='bbox 970 3023 1038 3061; x_wconf 91' lang='lat' dir='ltr'>per</span> <span class='ocrx_word' id='word_1_575' title='bbox 1076 3015 1253 3049; x_wconf 89' lang='lat' dir='ltr'>nostrum</span> <span class='ocrx_word' id='word_1_576' title='bbox 1290 3009 1503 3050; x_wconf 87' lang='lat' dir='ltr'>Casinense</span> <span class='ocrx_word' id='word_1_577' title='bbox 1540 3010 1821 3050; x_wconf 88' lang='lat' dir='ltr'>monasterium</span> <span class='ocrx_word' id='word_1_578' title='bbox 1858 3013 2103 3050; x_wconf 87' lang='lat' dir='ltr'>transeuntes</span> 
     </span>
     <span class='ocr_line' id='line_1_59' title="bbox 266 3067 2072 3122; baseline 0.001 -16"><span class='ocrx_word' id='word_1_579' title='bbox 266 3067 473 3107; x_wconf 87' lang='lat' dir='ltr'>Benedicto</span> <span class='ocrx_word' id='word_1_580' title='bbox 502 3069 600 3119; x_wconf 87' lang='lat' dir='ltr'>patri</span> <span class='ocrx_word' id='word_1_581' title='bbox 629 3083 674 3109; x_wconf 89' lang='lat' dir='ltr'>ac</span> <span class='ocrx_word' id='word_1_582' title='bbox 702 3069 884 3110; x_wconf 86' lang='lat' dir='ltr'>fratribus</span> <span class='ocrx_word' id='word_1_583' title='bbox 912 3082 955 3109; x_wconf 90' lang='lat' dir='ltr'>se</span> <span class='ocrx_word' id='word_1_584' title='bbox 982 3069 1193 3121; x_wconf 89' lang='lat' dir='ltr'>plurimum</span> <span class='ocrx_word' id='word_1_585' title='bbox 1222 3071 1542 3110; x_wconf 86' lang='lat' dir='ltr'>commendantes</span> <span class='ocrx_word' id='word_1_586' title='bbox 1571 3069 1729 3110; x_wconf 86' lang='lat' dir='ltr'>Barium</span> <span class='ocrx_word' id='word_1_587' title='bbox 1757 3069 1915 3122; x_wconf 68' lang='lat' dir='ltr'>profecti</span> <span class='ocrx_word' id='word_1_588' title='bbox 1942 3069 2072 3109; x_wconf 81' lang='lat' dir='ltr'>sunt‘.</span> 
     </span>
    </p>

    <p class='ocr_par' dir='ltr' id='par_1_6' title="bbox 267 3127 2201 3240">
     <span class='ocr_line' id='line_1_60' title="bbox 267 3127 2154 3181; baseline 0.001 -16"><span class='ocrx_word' id='word_1_589' title='bbox 267 3140 385 3178; x_wconf 86' lang='lat' dir='ltr'>zogen</span> <span class='ocrx_word' id='word_1_590' title='bbox 424 3127 559 3166; x_wconf 83' lang='lat' dir='ltr'>mitten</span> <span class='ocrx_word' id='word_1_591' title='bbox 598 3129 718 3168; x_wconf 92' lang='lat' dir='ltr'>durch</span> <span class='ocrx_word' id='word_1_592' title='bbox 749 3128 1001 3180; x_wconf 88' lang='lat' dir='ltr'>Campanien,</span> <span class='ocrx_word' id='word_1_593' title='bbox 1040 3129 1143 3168; x_wconf 86' lang='lat' dir='ltr'>ohne</span> <span class='ocrx_word' id='word_1_594' title='bbox 1171 3128 1326 3168; x_wconf 88' lang='lat' dir='ltr'>Zweifel</span> <span class='ocrx_word' id='word_1_595' title='bbox 1366 3130 1461 3168; x_wconf 78' lang='lat' dir='ltr'>iiber</span> <span class='ocrx_word' id='word_1_596' title='bbox 1490 3130 1634 3181; x_wconf 90' lang='lat' dir='ltr'>Capua,</span> <span class='ocrx_word' id='word_1_597' title='bbox 1673 3130 1880 3178; x_wconf 87' lang='lat' dir='ltr'>Benevent,</span> <span class='ocrx_word' id='word_1_598' title='bbox 1919 3127 2066 3168; x_wconf 79' lang='lat' dir='ltr'>Ariane</span> <span class='ocrx_word' id='word_1_599' title='bbox 2101 3139 2154 3166; x_wconf 87' lang='lat' dir='ltr'>un</span> 
     </span>
     <span class='ocr_line' id='line_1_61' title="bbox 267 3185 2201 3240; baseline 0.001 -15"><span class='ocrx_word' id='word_1_600' title='bbox 267 3185 468 3237; x_wconf 83' lang='lat' dir='ltr'>Oerignola</span> <span class='ocrx_word' id='word_1_601' title='bbox 509 3188 608 3226; x_wconf 92' lang='lat' dir='ltr'>nach</span> <span class='ocrx_word' id='word_1_602' title='bbox 651 3187 751 3228; x_wconf 89' lang='lat' dir='ltr'>Bari.</span> <span class='ocrx_word' id='word_1_603' title='bbox 815 3188 884 3228; x_wconf 90' lang='lat' dir='ltr'>Die</span> <span class='ocrx_word' id='word_1_604' title='bbox 921 3188 1181 3239; x_wconf 83' lang='lat' dir='ltr'>Weglassung</span> <span class='ocrx_word' id='word_1_605' title='bbox 1223 3189 1290 3228; x_wconf 88' lang='lat' dir='ltr'>der</span> <span class='ocrx_word' id='word_1_606' title='bbox 1330 3188 1463 3228; x_wconf 88' lang='lat' dir='ltr'>Worte</span> <span class='ocrx_word' id='word_1_607' title='bbox 1504 3194 1547 3228; x_wconf 90' lang='lat' dir='ltr'>et</span> <span class='ocrx_word' id='word_1_608' title='bbox 1583 3188 1804 3240; x_wconf 83' lang='lat' dir='ltr'>Apuliam</span> <span class='ocrx_word' id='word_1_609' title='bbox 1842 3189 1881 3228; x_wconf 92' lang='lat' dir='ltr'>in</span> <span class='ocrx_word' id='word_1_610' title='bbox 1919 3188 1986 3227; x_wconf 89' lang='lat' dir='ltr'>der</span> <span class='ocrx_word' id='word_1_611' title='bbox 2022 3185 2132 3226; x_wconf 82' lang='lat' dir='ltr'>zweit</span> <span class='ocrx_word' id='word_1_612' title='bbox 2199 3210 2201 3213; x_wconf 92' lang='lat'><em>-</em></span> 
     </span>
    </p>
   </div>
  </div>
 </body>
</html>
