2216 3438
250 158 319 194 836
427 168 432 173 ·
1125 154 1291 203 Anhang.

250 272 364 306 antea
399 266 585 316 lugubres
614 270 651 305 et
679 263 807 305 tristes
836 265 914 305 fere
941 279 1067 316 usque
1095 267 1143 306 ad
1170 271 1338 306 mortem
1365 264 1603 315 exstiterant,
1632 279 1740 306 nunc
1765 263 1930 307 iubilant
1959 265 2038 307 Deo
2065 265 2166 308 clara

249 324 527 373 modulamina,
570 324 788 365 alternatim
828 324 1060 377 symphonia
1094 331 1314 366 resonante.
1371 325 1506 366 Graeci
1540 331 1578 366 et
1611 325 1772 366 Barbari
1805 339 1886 367 non
1913 333 2068 377 cessant
2095 341 2168 367 suo

248 400 357 426 more
384 385 566 425 laudibus
594 384 769 425 altisonis
797 384 1107 437 symphonizare‚
1136 391 1180 425 ut
1206 385 1346 425 merito
1373 391 1468 426 tunc
1494 386 1730 438 completum
1757 387 1807 426 sit
1834 388 1938 438 quod
1957 387 1998 428 in
2017 388 2168 439 psalmo

248 460 316 497 per
352 447 582 497 prophetam
623 444 816 497 psallitur:
859 446 952 485 haec
990 446 1073 485 dies
1113 459 1228 497 quam
1265 446 1358 494 feeit
1397 447 1602 497 Dominus,
1642 447 1871 486 exsultemus
1909 450 1944 486 et
1984 449 2169 488 laetemur

247 519 290 545 m
319 520 374 547 ea.

280 553 282 555 ¹
658 559 765 599 Haec
793 563 851 599 est
879 563 1012 598 sancta
1040 558 1133 607 dies,
1163 560 1389 599 sanctarum
1416 563 1550 599 sancta
1577 559 1740 608 dierum,

659 619 767 659 Haec
794 623 853 658 est
880 618 984 658 clara
1012 618 1106 666 dies,
1134 618 1329 658 clararum
1355 619 1461 658 clara
1487 619 1651 668 dierum,

658 678 796 719 Nobile
825 678 1015 718 nobilium
1043 677 1208 718 rutilans
1237 677 1413 720 diadema
1441 677 1603 719 dierum.

248 757 294 796 Et
322 770 372 796 ne
401 771 467 808 per
496 756 648 808 singula
676 755 872 804 immorer,
900 755 986 795 laus
1014 755 1084 795 Dei
1111 755 1152 795 in
1180 755 1338 796 caritate
1365 757 1510 806 diffusa
1537 759 1592 796 est
1618 757 1662 796 in
1685 757 1862 796 cordibus
1880 756 2069 801 omnium.
2091 768 2168 809 per
2206 748 2216 793 ἐ

247 818 440 868 Spiritum
467 819 640 856 sanctum
674 817 740 867 qui
773 817 890 855 datus
916 818 971 855 est
998 816 1074 864 eis,·
1101 821 1138 856 et
1166 830 1188 856 a
1217 829 1374 856 summo
1401 829 1528 867 usque
1555 817 1604 856 ad
1631 815 1840 856 minimum
1867 817 1998 856 nullus
2027 817 2097 856 suit
2126 817 2165 857 in
2203 818 2216 868 ἱ

247 882 326 916 tota
363 877 461 916 urbe
500 875 634 923 fidelis,
677 876 725 915 de
761 874 872 914 cuius
910 888 977 915 ore
1011 875 1132 926 gloria
1160 881 1197 915 et
1223 876 1310 916 laus
1338 889 1419 916 non
1449 877 1684 928 procederet.
1739 876 1924 927 posthaec
1950 877 2167 928 patriarcha
2195 876 2216 927 ,ξ

247 936 470 976 Daimberto
499 936 539 974 in
569 936 659 975 sede
688 935 896 975 reformato
923 940 961 974 et
990 936 1038 975 ab
1067 935 1251 975 omnibus
1279 936 1479 976 communi
1508 948 1674 976 assensu
1701 940 1739 975 et
1766 936 1964 976 voluntate
1990 937 2165 985 reelecto,
2205 929 2216 983 Ῑ

247 1009 334 1047 rege
364 995 556 1035 Balduino
574 1008 719 1035 corona
747 1000 785 1034 et
803 994 997 1046 regalibus
1017 995 1188 1034 vestibus
1208 1000 1359 1043 ornato,
1387 1000 1548 1035 cantore
1565 995 1768 1035 introitum
1786 995 1929 1035 missae
1947 995 2165 1048 incipiente,
2200 986 2216 1056 ἒ

246 1056 469 1095 solemniter
510 1055 630 1094 missa
670 1055 861 1094 celebrata
903 1059 973 1102 est,
1016 1059 1053 1094 et
1090 1054 1228 1094 deinde
1257 1054 1456 1095 Paschalis
1494 1055 1558 1095 illa
1591 1054 1816 1095 solemnitas
1849 1055 1982 1095 festive
2010 1061 2047 1096 et
2074 1069 2165 1096 cum
2203 1067 2216 1102 ἓ

245 1129 387 1167 magna
416 1115 631 1155 reverentia
658 1115 699 1154 in
727 1114 797 1154 Dei
823 1113 1004 1154 laudibus
1033 1119 1092 1154 est
1119 1115 1320 1167 completa,
1351 1128 1450 1166 quae
1477 1115 1562 1155 iure
1589 1114 1825 1155 memorialis
1859 1129 1883 1156 a
1918 1115 2166 1166 generatione
2202 1082 2216 1150 l

246 1175 284 1215 in
314 1175 604 1227 generationem
632 1174 885 1226 permanebit.
2202 1163 2216 1176 ⁴

501 1340 539 1382 3.
574 1339 675 1382 Der
706 1338 1307 1382 Feuerwunderbericht
1338 1338 1582 1380 Guiberts
1613 1352 1653 1380 v.
1688 1337 1910 1393 Nogent.

244 1416 354 1460 (Nach
380 1414 541 1451 Guiberti
567 1414 709 1450 abbatis
734 1413 893 1448 Historia
918 1424 1012 1458 quae
1037 1412 1168 1448 dicitur
1193 1413 1300 1448 Gesta
1325 1412 1389 1448 Dei
1415 1424 1479 1458 per
1503 1413 1661 1448 Francos
1686 1413 1736 1448 im
1761 1413 1860 1456 Rec.‚
1886 1413 1977 1450 nist.
2003 1425 2078 1450 occ.
2104 1413 2162 1456 IV,
2196 1415 2211 1450 ”.

616 1463 697 1497 255.
724 1462 805 1497 256.
855 1461 932 1507 Vgl.
959 1462 1052 1496 auch
1077 1461 1169 1496 Einl.
1194 1462 1228 1496 S.
1248 1461 1292 1496 73
1306 1461 1330 1496 f.
1355 1463 1430 1496 und
1455 1471 1499 1496 zu
1524 1461 1573 1506 11,
1599 1460 1680 1496 vm
1704 1471 1729 1496 n
1755 1462 1801 1504 5.)
2202 1461 2210 1467 '

362 1536 444 1576 Lib.
457 1536 536 1584 Vll,
551 1549 582 1575 c.
595 1535 689 1575 XLI.
720 1535 763 1574 111
784 1535 847 1574 illa
863 1535 902 1574 S.
918 1535 1261 1575 lherosolimorum
1279 1535 1430 1575 civitate
1450 1540 1558 1575 vetus
1579 1537 1774 1586 quoddam
1792 1534 2024 1574 miraculum
2042 1533 2162 1574 inole-

244 1602 365 1636 verat:
396 1597 499 1647 quod
524 1600 634 1635 vetus
653 1594 793 1634 idcirco
814 1594 988 1642 dixerim,
1019 1594 1110 1646 quia
1129 1608 1176 1635 ex
1197 1608 1275 1646 quo
1295 1595 1398 1634 idem
1415 1595 1583 1647 coeperit
1603 1595 1697 1644 fieri,
1726 1594 1831 1635 orbis
1850 1595 1929 1634 fere
1945 1593 2090 1634 latinus
2109 1594 2160 1645 ig·

242 1661 364 1696 norat.
396 1660 434 1695 at
458 1669 530 1694 nos
553 1654 792 1694 coniiciendo
809 1654 1085 1706 perpendimus
1101 1654 1203 1705 quia,
1220 1659 1428 1706 postquam
1446 1654 1587 1695 calcari
1606 1660 1698 1695 ante
1715 1655 1812 1695 haec
1832 1659 1966 1694 nostra
1984 1657 2160 1705 tempora
2199 1679 2202 1682 »

241 1715 365 1767 coepit
393 1730 415 1755 a
439 1714 633 1766 gentibus,
663 1713 700 1754 id
730 1727 798 1765 pro
828 1727 1003 1762 suorum,
1034 1714 1099 1765 qui
1129 1714 1181 1754 ibi
1210 1715 1412 1766 degebant,
1442 1728 1510 1766 per
1537 1714 1624 1754 idve
1651 1713 1837 1766 temporis
1864 1713 2159 1760 conveniebant,
2196 1716 2201 1739 ?

243 1775 423 1815 annuerit
451 1773 661 1814 Dominus:
691 1775 797 1824 quod
817 1773 988 1814 videlicet
1016 1773 1054 1813 in
1075 1773 1160 1825 ipso
1182 1774 1356 1814 Paschali
1377 1774 1559 1823 Sabbato‚
1581 1773 1784 1826 Sepulchri
1801 1773 1951 1824 lampas
1970 1771 2160 1813 Dominici

242 1836 414 1875 videatur
443 1833 653 1884 quotannis
683 1846 846 1873 accensa
872 1833 1068 1873 divinitus.
1116 1838 1198 1873 erat
1225 1838 1357 1873 autem
1385 1834 1521 1874 eadem
1538 1833 1659 1874 moris
1678 1833 1718 1873 in
1743 1833 1855 1884 urbe,
1882 1838 1927 1872 ut
1949 1831 2159 1872 circumitis

242 1894 379 1946 pagani
408 1895 681 1933 universorum
709 1893 870 1933 aedibus
899 1893 1142 1944 singularum
1170 1893 1276 1933 socos
1303 1907 1429 1944 usque
1448 1895 1497 1933 ad
1517 1893 1662 1933 favillas
1681 1893 1968 1945 extinguerent;
1997 1896 2036 1932 et
2052 1896 2161 1932 tanta

241 1955 278 1993 id
319 1955 433 1994 tiebat
475 1954 523 1993 ab
566 1952 729 1993 ethnicis
772 1952 966 2004 indagine,
1010 1959 1202 2003 quantum
1235 1953 1273 1992 id
1310 1953 1440 2005 ipsum
1468 1953 1677 2005 putabatur
1705 1952 1787 1993 fieri
1814 1951 1986 1992 fidelium
2013 1951 2159 2000 fraude,

242 2027 321 2053 non
362 2013 447 2052 fide.
503 2026 594 2052 cum
636 2026 727 2064 ergo
768 2013 843 2051 hoc
884 2013 1002 2052 modo
1043 2013 1242 2052 Vulcanus
1285 2012 1549 2052 eliminaretur
1589 2013 1638 2052 ab
1679 2011 1832 2064 oppido,
1871 2024 1916 2052 ea
1942 2011 2053 2059 hora,
2082 2023 2190 2062 qua·

241 2078 395 2112 nostrae
424 2071 619 2124 religionis
647 2071 880 2123 obsequium
909 2072 1061 2122 plebem
1088 2071 1320 2112 catholicam
1348 2071 1526 2112 sollemni
1555 2071 1850 2112 resurrectionis
1877 2076 1993 2122 atque
2019 2070 2159 2122 baptis-
2206 2073 2211 2077 ⁴

240 2137 390 2171 matum
430 2132 618 2171 interesse
645 2132 805 2171 mandat
834 2131 970 2179 officio,
1010 2131 1170 2171 vidisses
1199 2145 1266 2184 per
1293 2131 1519 2171 universam
1546 2131 1707 2182 gentiles
1735 2130 1876 2171 exertis
1903 2129 2158 2171 mucronibus

240 2193 420 2231 oberrare
455 2190 665 2238 basilicam,
704 2195 948 2241 mortemque
985 2196 1210 2231 nostrorum
1239 2191 1459 2242 quibusque
1486 2190 1644 2239 minari3
1680 2204 1860 2231 cerneres
1886 2189 1975 2230 fidei
2002 2193 2159 2230 nostrae

241 2265 261 2290 e
289 2251 446 2302 regione
473 2251 640 2305 cultores
669 2249 871 2301 indigenas
900 2250 1005 2301 gravi
1034 2264 1153 2302 penes
1174 2251 1300 2291 Deum
1328 2264 1504 2291 maerore
1532 2250 1715 2301 torqueri,
1743 2263 1810 2291 eos
1828 2263 1920 2290 vero
1939 2248 2162 2298 nilminus,
2202 2248 2205 2250 ’

241 2324 338 2360 quos
381 2312 428 2350 de
469 2310 607 2350 abditis
650 2310 787 2350 mundi
828 2310 971 2349 finibus
1012 2310 1196 2350 orationis
1236 2315 1324 2350 vota
1358 2310 1423 2350 illo
1450 2314 1727 2350 contraxerant
1752 2310 1811 2350 vel
1837 2322 1956 2350 causa
1981 2306 2161 2350 miracus·

239 2370 396 2409 luminis
426 2383 561 2409 omnes
589 2383 735 2409 munus
763 2370 949 2409 unimoda
976 2370 1191 2410 intentione
1220 2370 1378 2422 precari.
1434 2383 1507 2410 nec
1535 2375 1628 2409 tunc
1656 2374 1738 2410 erat
1764 2369 1988 2422 importuna
2013 2367 2157 2416 dilatio,

242 2429 335 2480 quin
365 2429 561 2469 desideriis
590 2434 764 2469 aestuata
791 2428 923 2481 petitio
951 2429 1067 2469 alacri
1093 2429 1277 2469 leniretur
1305 2430 1452 2470 effectu.
1512 2429 1640 2469 audivi
1667 2443 1690 2468 a
1717 2429 1906 2481 personis,
1948 2441 2049 2480 quae
2066 2428 2163 2482 illuc>

240 2490 317 2529 iere
358 2489 543 2528 senilibus
586 2490 688 2539 quod
731 2502 899 2540 papyrus
940 2489 999 2528 vel
1039 2489 1207 2528 lichinus
1249 2489 1359 2538 (nam
1396 2494 1485 2529 utro
1521 2493 1682 2528 utantur
1708 2487 1912 2540 utriusque
1939 2501 2021 2528 non
2048 2485 2160 2536 novi)

238 2548 390 2599 gentilis
419 2550 535 2588 semel
566 2548 769 2588 cuiusdam
798 2548 847 2588 sit
875 2548 1016 2588 techna
1044 2549 1234 2597 sublatus,
1264 2549 1487 2599 ferrumque
1515 2547 1702 2588 remansit
1728 2546 1864 2597 inane;
1902 2548 1970 2588 sed
1995 2545 2156 2586 caelitus

238 2609 390 2648 labente
430 2608 628 2655 miraculo,
670 2621 717 2647 ex
760 2609 859 2647 ferro
885 2607 1019 2647 lumen
1061 2608 1230 2656 emersit,
1273 2609 1445 2659 dumque
1485 2608 1620 2647 fraude
1653 2607 1812 2647 virtutes
1839 2606 1945 2659 cupit
1971 2618 2148 2647 enervat

237 2681 439 2718 supernas,
469 2667 597 2706 didicit
625 2673 761 2707 contra
789 2680 902 2707 suam
930 2666 1104 2718 ipsarum
1133 2673 1315 2707 naturam
1343 2668 1423 2707 Deo
1452 2681 1524 2707 suo
1551 2666 1717 2707 militare
1744 2672 1918 2707 naturas.

354 2727 436 2766 Lib.
459 2726 536 2774 VII,
565 2740 597 2765 c.
619 2727 739 2775 XLII.
778 2726 898 2766 Anno
925 2740 1029 2777 ergo,
1059 2740 1106 2766 ex
1136 2741 1213 2779 quo
1242 2740 1311 2767 rex
1339 2726 1534 2778 praefatus
1554 2731 1776 2778 susceperat
1795 2731 1944 2778 sceptra
1963 2723 2172 2778 sequenti,¹

238 2786 319 2824 eius
360 2786 479 2825 fuisse
507 2786 669 2824 traditur
698 2786 901 2825 difficultas
930 2790 1036 2826 tanta
1063 2786 1252 2834 miraculi,
1279 2791 1324 2826 ut
1352 2786 1413 2826 vix
1442 2785 1671 2826 imminente
1698 2789 1810 2825 nocte
1837 2785 2034 2825 orantium
2059 2785 2137 2826 fleu

238 2845 411 2895 tiumque
451 2845 668 2895 potuissent
709 2850 797 2884 vota
837 2845 1032 2896 compleri.
1090 2858 1217 2885 sermo
1245 2845 1407 2897 praefati
1434 2845 1622 2897 praesulis
1650 2845 1774 2884 sactus
1801 2845 1851 2884 ad
1877 2844 2077 2896 populum,
2105 2844 2156 2884 dat
2189 2887 2191 2890 ,

236 2903 477 2943 confessione
506 2903 679 2943 sollicitat
708 2909 966 2954 peccatorum,
996 2917 1062 2943 rex
1091 2909 1129 2944 et
1156 2905 1311 2954 praesul
1338 2904 1592 2944 resarciendis
1620 2903 1780 2955 pacibus
1807 2903 1972 2953 instant;
2013 2903 2047 2943 si
2083 2922 2091 2939 ·

237 2962 323 3001 fidei
351 2963 622 3013 honestatique
650 2976 728 3002 non
757 2969 989 3014 congruunt,
1019 2963 1157 3015 corrigi
1186 2964 1476 3015 promittuntur.
1518 2964 1676 3012 interea,
1695 2967 1860 3014 urgente
1878 2963 2044 3014 negotio,
2073 2968 2100 3003 t
2121 2982 2141 2998 a·
2187 2990 2194 3014 ¹.

237 3022 456 3060 enormium
483 3022 692 3061 criminum
721 3022 772 3061 ibi
801 3035 847 3061 eo
876 3022 936 3062 die
965 3027 1022 3062 est
1042 3023 1140 3062 sacta
1158 3023 1363 3071 confessio,
1391 3028 1435 3063 ut
1454 3022 1528 3062 nisi
1548 3023 1756 3074 paenitudo
1775 3023 2008 3071 succederet,
2036 3021 2126 3074 dign
2149 3022 2194 3094 j

238 3080 317 3118 fieri
347 3081 538 3120 videretur
566 3081 724 3120 luminis
754 3081 887 3130 sancti,
918 3082 1048 3121 ablata
1076 3083 1270 3130 dilatione,
1301 3083 1484 3123 sublatio:
1513 3082 1623 3121 cuius
1652 3087 1781 3122 tamen
1810 3082 1926 3122 etiam
1953 3086 2047 3121 tunc
2065 3094 2135 3133 pos
2188 3095 2192 3120 .’

237 3140 518 3189 correptionem
549 3154 627 3179 non
657 3146 874 3180 remoratur
903 3142 1092 3181 accensio.
1150 3147 1188 3181 at
1216 3142 1336 3181 altero
1364 3143 1526 3193 posthac
1553 3155 1671 3190 anno,
1700 3141 1767 3181 ubi
1795 3142 1843 3181 ad
1871 3154 1958 3181 eam
1990 3145 2081 3180 vent
2119 3159 2139 3175 ιι

237 3203 293 3236 est
321 3199 471 3245 horam,
502 3213 577 3248 qua
598 3200 827 3250 Sepulcrum
855 3200 1066 3250 gloriosum
1095 3201 1251 3240 flamma
1278 3202 1453 3240 caelestis
1481 3202 1660 3249 efficeret,
1688 3201 1960 3240 universorum
1996 3199 2084 3251 peni
2135 3217 2153 3233 :·
2185 3216 2195 3257 '¹
