2216 3438
239 134 309 169 828
1114 134 1281 179 Anhang.

241 243 323 281 AB.
358 264 402 268 —
436 242 632 290 Incipiunt
659 244 830 291 capitula
859 244 951 281 libri
970 244 993 281 Ι
1016 246 1309 294 pereat-ntorum
1332 245 1442 284 XLI.
1473 245 1517 284 O.
1552 269 1597 273 —
1629 246 1773 296 Incipit
1799 248 1896 285 liber
1922 260 2038 298 super
2055 248 2157 287 Iero-
2214 293 2216 297 ζ

238 304 459 341 solimitana
487 302 726 352 expeditione
752 303 892 351 factus
949 305 992 341 in
1022 317 1097 354 qua
1125 317 1240 355 usque
1279 306 1332 343 ad
1358 305 1396 344 S.
1426 307 1592 344 civitatis
1630 308 1843 356 captionem
1884 308 2007 346 tribus
2043 309 2160 346 annis
2215 337 2216 340 ι

239 376 314 402 uno
342 364 497 401 circiter
524 375 652 400 mense
678 364 809 401 minus
836 363 1071 402 elaboratum
1100 370 1164 402 est.
1222 365 1420 415 Incipiunt
1448 367 1619 415 capitula
1645 367 1740 404 libri
1760 369 1887 417 primi
1914 367 1996 406 FG.

357 423 383 461 I.
415 421 687 473 [capitulorum
716 421 868 462 numeri
897 423 1038 462 desunt
1066 422 1118 470 R]
1160 424 1215 462 De
1251 425 1410 463 concilio
1438 423 1742 464 Glaromontensi
1778 427 1879 477 quod
1906 429 2027 466 tenuit
2053 441 2159 477 papa

247 483 435 521 Urbanus.
492 484 533 521 in
573 495 645 533 quo
680 483 842 529 fuerunt
884 488 961 522 tam
999 485 1165 534 episcopi
1201 497 1315 534 quam
1349 485 1499 524 abbates
1529 498 1644 536 usqu-e
1677 486 1825 524 OCOX
1848 491 1883 525 et
1910 489 2156 526 constitutum

238 548 290 581 est
327 543 380 580 ibi
416 547 459 581 ut
493 544 704 593 quicunque
731 543 968 582 [herusalem
992 556 1068 593 pro
1096 557 1227 583 amore
1259 545 1407 583 Christi
1434 547 1493 584 ire
1519 547 1708 596 voluisset,
1743 547 1976 586 dominica-m
2011 560 2158 586 crucem

238 617 353 653 super
381 616 420 641 se
447 604 489 641 in
517 604 648 641 tunica
675 604 730 641 vel
759 605 801 642 in
829 604 936 643 birro
963 616 1031 642 suo
1053 609 1245 654 portaret.
1278 627 1325 632 —
1355 605 1399 644 II.
1428 605 1498 644 Ubi
1516 607 1705 645 exercitus
1721 606 1967 646 Francorum
1986 609 2082 657 cepit
2100 609 2159 645 ire

238 663 472 702 Hierusalem
515 668 549 701 et
589 664 636 700 de
676 664 862 702 seditione
904 677 974 714 que
1014 669 1104 703 tunc
1146 667 1326 715 temporis
1369 666 1490 713 [rome
1524 665 1611 704 add.
1641 665 1810 714 FGOR]
1843 679 1919 716 pro
1960 667 2157 705 Guitberto

237 724 375 762 stolido
414 735 519 773 papa
560 728 655 762 erat.
703 746 748 750 —
793 724 853 764 ΙΙΙ.
892 724 961 762 Ubi
998 737 1117 762 comes
1145 725 1399 764 Normannus
1441 725 1764 772 [normannorum
1791 726 1842 774 O]
1870 731 1905 765 et
1942 726 2159 777 Stephanus

239 783 432 820 Blesensis
468 796 551 821 cum
586 788 695 833 qente
722 796 794 822 sua
830 796 938 822 mare
974 786 1128 823 introiit
1165 789 1200 822 et
1240 785 1286 823 de
1322 786 1489 835 quadam
1527 798 1619 824 nave
1651 786 1695 824 in
1722 798 1830 834 mare
1856 786 2063 824 submersa.
2107 810 2154 814 —

238 842 299 880 IV.
334 843 403 880 Ubi
426 843 797 893 Constantinopolim
825 849 1007 882 venerunt
1036 849 1071 882 et
1098 845 1145 882 de
1172 846 1441 895 compositione
1463 846 1587 894 ipsius
1605 846 1780 884 civitatis.
1828 850 1862 884 et
1881 847 2048 897 qualiter
2066 847 2158 885 urbs

239 903 359 940 Nicea
387 903 465 951 fuit
494 908 617 952 capta.
651 925 697 930 —
727 903 773 942 V.
803 903 954 942 Bellum
982 905 1083 954 quod
1108 904 1187 951 fuit
1214 906 1257 943 in
1285 918 1416 955 campo
1443 905 1586 954 florido
1610 905 1771 954 factum.
1811 905 1876 944 ubi
1890 918 1963 956 per
1981 906 2158 944 virtutem
2203 941 2208 947 ,

238 963 313 1000 Dei
350 963 583 1001 mirabiliter
617 976 710 1013 qens
738 964 912 1012 nefanda
939 966 1100 1003 corruit.
1135 985 1177 990 —
1212 964 1272 1003 VI.
1302 965 1361 1003 De
1389 966 1498 1015 siqno
1525 967 1568 1004 in
1595 965 1672 1004 celo
1698 966 1778 1004 viso
1804 966 1848 1003 in
1874 966 2028 1004 modum
2049 967 2159 1004 ensis

237 1023 412 1073 (iqurato.
471 1028 505 1061 et
541 1024 709 1071 qualiter
746 1024 969 1062 Balduinus
1006 1037 1088 1062 cum
1124 1025 1331 1063 exercitulo
1369 1037 1437 1063 suo
1467 1024 1561 1073 [om.
1592 1037 1661 1064 suo
1689 1024 1776 1073 FG]
1804 1025 1946 1063 scilicet
1973 1025 2158 1064 militibus

238 1084 427 1131 octoyinta
443 1083 626 1121 Edessam
646 1083 794 1130 [edessa
808 1082 901 1130 AB;
922 1096 998 1123 om.
1015 1085 1184 1123 edessam
1203 1084 1333 1131 FGR]
1357 1085 1474 1123 Roais
1489 1086 1597 1134 cepit.
1640 1083 1796 1123 Abhinc
1815 1096 1939 1134 usque
1953 1084 2000 1123 ad
2015 1084 2159 1124 lemma

239 1141 357 1180 XXIV
388 1141 426 1180 in
457 1141 721 1181 semilacerato
750 1142 839 1182 folio
867 1143 893 1182 Ι.
925 1143 1065 1182 codicis
1085 1143 1118 1182 G
1156 1143 1313 1183 dimidia
1351 1157 1439 1195 pars
1477 1143 1663 1194 cuiusque
1690 1143 1814 1184 lineae
1842 1143 1966 1184 deleta
1993 1149 2062 1183 est.
2109 1167 2154 1172 —
2214 1170 2216 1187 :

239 1201 316 1241 VII.
356 1202 425 1240 Ubi
465 1205 614 1241 rentum
655 1207 710 1242 est
749 1203 992 1242 Antiochiam
1035 1209 1068 1242 et
1106 1205 1153 1242 de
1190 1206 1457 1254 compositione
1491 1206 1614 1255 ipsius
1641 1206 1809 1244 civitatis
1835 1205 1891 1243 vel
1917 1205 1965 1243 de
1990 1207 2157 1254 penuria
2213 1216 2216 1255 g

238 1275 378 1313 mayna
407 1264 448 1300 in
477 1263 670 1301 obsidione
697 1264 780 1301 eius
806 1277 831 1302 a
864 1263 1102 1302 Christianis
1131 1265 1316 1311 [Francis
1341 1264 1392 1311 R]
1418 1277 1538 1315 passa
1567 1264 1762 1313 [civitatis.
1811 1264 1904 1304 VIII.
1943 1265 2013 1306 Ubi
2033 1278 2156 1315 penu-
2215 1261 2216 1288 ζ

238 1324 339 1361 riam
368 1336 546 1373 magnam
574 1324 616 1361 in
645 1323 838 1362 obsidione
865 1325 947 1362 eius
965 1325 1114 1362 Franci
1134 1326 1247 1374 passi
1274 1329 1364 1363 sunt
1384 1324 1483 1372 FG].
1516 1347 1561 1352 -—
1595 1325 1687 1364 VIII.
1709 1325 1777 1374 [IX
1797 1327 1843 1375 F]
1880 1327 1949 1366 Ubi
1967 1328 2158 1369 Dominus
2214 1323 2216 1370 ἒ

239 1388 368 1421 noster
396 1383 503 1421 Iesus
526 1382 704 1421 Christus
724 1396 800 1433 per
827 1384 1008 1422 visionem
1035 1385 1189 1422 cuidam
1214 1385 1337 1422 Turco
1365 1386 1566 1424 admonuit
1594 1386 1798 1437 [apparuit
1825 1392 1859 1426 et
1886 1388 2087 1428 admonuit
2105 1389 2156 1438 O]
2206 1386 2216 1440 ιζ

239 1448 280 1481 ut
320 1444 498 1481 redderet
537 1444 724 1481 civitatem
759 1443 1006 1482 Christianis.
1052 1466 1090 1472 —
1134 1443 1195 1483 IX.
1233 1443 1283 1492 [X
1314 1444 1360 1493 F]
1404 1443 1475 1483 Ubi
1501 1446 1634 1484 lancea
1666 1446 1744 1493 fuit
1775 1448 1930 1486 inventa
1957 1461 2028 1500 que
2054 1449 2158 1490 latus

238 1504 399 1542 Domini
422 1503 651 1552 perforavit.
685 1523 731 1528 —
762 1502 807 1541 X.
834 1501 902 1550 [Xl
923 1503 969 1550 F]
1008 1503 1078 1542 Ubi
1101 1509 1189 1554 post
1217 1506 1428 1554 captionem
1463 1507 1586 1555 ipsius
1621 1507 1788 1545 civitatis
1816 1507 1964 1547 Franci
1997 1510 2042 1547 in
2069 1511 2156 1560 ipsa
2215 1510 2216 1516 ’

239 1564 468 1613 [captionem
496 1563 724 1600 Antiochiae
759 1562 892 1609 franci
927 1564 970 1600 in
1011 1565 1098 1612 ipsa
1135 1566 1284 1602 civitate
1318 1564 1407 1611 FR]
1446 1566 1587 1604 inclusi
1612 1566 1721 1605 ultra
1749 1579 1861 1618 quam
1895 1569 2003 1607 credi
2034 1574 2156 1619 potest

240 1630 508 1662 remanserunt
545 1624 668 1661 anxii.
717 1644 761 1648 —
805 1622 868 1661 XI.
901 1622 985 1670 [XII
1015 1623 1062 1670 F]
1109 1624 1181 1662 Ubi
1216 1626 1402 1674 apparuit
1436 1626 1589 1663 cuidam
1627 1626 1763 1666 clerico
1801 1627 1992 1667 Dominus
2026 1634 2157 1668 noster

238 1684 345 1721 Iesus
391 1683 516 1730 [Iesus
558 1682 736 1721 Christus
765 1682 944 1730 BFOR].
990 1704 1035 1709 —
1080 1682 1160 1723 XII.
1191 1683 1291 1731 [XIII
1321 1684 1367 1731 F]
1413 1685 1483 1723 Ubi
1515 1687 1701 1736 apparuit
1734 1687 1889 1726 cuidam
1915 1689 2158 1728 descendenti

239 1744 292 1781 vel
318 1743 483 1793 fuqienti
507 1743 638 1791 frater
665 1743 833 1781 eiusdem
862 1745 940 1781 iam
967 1748 1142 1782 mortuus
1176 1743 1271 1791 [om.
1300 1746 1377 1783 iam
1409 1750 1582 1784 mortuus
1610 1746 1639 1784 F
1652 1745 1717 1794 R].
1749 1768 1798 1773 ——
1826 1746 1924 1788 XIII.
1952 1748 2022 1787 Ubi
2047 1762 2156 1788 man-

238 1805 424 1842 daverunt
449 1804 647 1852 principes
666 1804 791 1841 nostri
803 1816 879 1852 per
903 1803 1058 1841 Petrum
1077 1804 1299 1842 heremitam
1324 1805 1495 1843 Corbora
1514 1810 1557 1844 ut
1576 1806 1655 1844 nisi
1674 1811 1820 1845 terram
1840 1820 1909 1858 que
1927 1808 2154 1848 christianis

238 1864 284 1901 ab
312 1864 402 1902 olim
423 1863 653 1912 pertinebat,
683 1863 904 1912 dimitteret,
932 1864 1015 1901 sine
1042 1863 1156 1902 dubio
1184 1869 1319 1902 contra
1347 1877 1408 1903 eos
1435 1865 1570 1904 bellum
1597 1868 1768 1916 sequenti
1794 1867 1858 1905 die
1883 1868 2031 1907 inirent
2059 1867 2154 1917 [om.

238 1923 314 1962 hoc
342 1927 466 1962 totum
493 1922 637 1961 lemma
666 1921 705 1960 in
737 1921 804 1961 FO
815 1921 880 1969 R].
913 1944 958 1949 —
990 1922 1087 1961 XIV.
1126 1923 1196 1961 Ubi
1223 1925 1400 1963 exierunt
1427 1925 1480 1962 ad
1509 1925 1643 1964 bellum
1671 1931 1808 1964 contra
1832 1927 1987 1966 >Turcos
2013 1929 2057 1967 in
2083 1942 2157 1980 quo

238 1984 427 2021 admirati
445 1984 599 2021 circiter
617 1982 835 2020 XXVIIII
852 1983 1082 2020 mirabiliter
1109 1984 1245 2021 devicti
1263 1989 1364 2022 sunt.
1399 2005 1444 2010 —
1474 1983 1554 2023 XV.
1582 1985 1756 2032 Qualiter
1773 1987 1980 2026 amiraldis
2009 1988 2157 2028 Jurcus

243 2043 432 2081 Corbarat
461 2044 656 2080 admirato
684 2043 827 2080 maiori
846 2043 1056 2092 alloquitur
1085 2042 1176 2090 [hoc
1195 2047 1318 2081 totum
1337 2043 1481 2082 lemma
1501 2044 1606 2082 deest
1626 2043 1775 2092 FOR].
1809 2068 1854 2072 -—
1884 2045 1982 2087 XVI.
2003 2047 2089 2095 [XV
2109 2048 2156 2097 F]
2184 2037 2199 2086 ·“’.

239 2103 297 2140 De
339 2103 503 2152 epistula
544 2115 658 2152 quam
697 2103 894 2150 principes
935 2103 1062 2140 nostri
1089 2102 1207 2140 Rome
1256 2103 1409 2142 Urbano
1443 2117 1573 2154 papae
1601 2105 1722 2155 [papa
1750 2104 1802 2153 A]
1837 2107 2075 2147 direxerunt.
2108 2129 2154 2135 -—
2187 2101 2205 2105 *¹

239 2162 352 2200 XVII.
384 2161 486 2210 [XVI
514 2162 561 2208 F3
591 2161 658 2199 XV
679 2160 728 2208 O]
767 2161 837 2199 Ubi
863 2166 1013 2199 ventum
1041 2167 1095 2200 est
1126 2162 1326 2210 [venerunt
1346 2163 1475 2211 BFR]
1505 2165 1557 2202 ad
1577 2166 1747 2203 civitates
1765 2166 1953 2205 Albaram
1979 2166 2157 2215 [abaram
2183 2185 2188 2187 -

240 2221 290 2269 R]
320 2228 354 2260 et
386 2222 540 2259 Maram
568 2226 603 2259 et
631 2221 849 2260 obtinerunt
877 2233 952 2259 eas.
983 2245 1031 2249 —
1061 2221 1191 2260 XVIII.
1213 2222 1333 2270 [XVII
1353 2223 1399 2270 F;
1429 2223 1514 2262 XVI
1533 2223 1583 2271 O]
1611 2224 1682 2262 Ubi
1698 2231 1881 2264 venerunt
1899 2227 1953 2264 ad
1974 2228 2156 2277 oppidum
2182 2231 2213 2249 ³

239 2282 443 2320 Archados
472 2281 629 2329 [archas
656 2280 716 2329 F].
775 2280 848 2318 hoc
877 2284 1001 2319 totum
1029 2281 1172 2320 lemma
1200 2282 1305 2320 deest
1334 2282 1380 2321 R.
1414 2305 1459 2310 —
1490 2283 1587 2322 XIX.
1621 2283 1758 2332 [XVIII
1786 2285 1834 2332 F3
1862 2285 1965 2325 XVII
1992 2286 2042 2334 O]
2088 2287 2178 2325 Ubi›

239 2344 427 2381 exercitus
455 2342 699 2379 Francorum
726 2341 826 2379 venit
853 2340 1088 2379 Iherusalem
1117 2347 1151 2380 et
1180 2342 1323 2380 obsedit
1341 2356 1423 2381 eam
1444 2349 1478 2381 et
1498 2344 1661 2382 obtinuit
1690 2344 1784 2392 [om.
1805 2344 1895 2393 FR]
1923 2351 1958 2384 et
1985 2347 2032 2385 de
2059 2359 2159 2385 com·
2178 2382 2199 2393 -,

238 2403 425 2450 positione
454 2403 577 2450 ipsius
605 2401 772 2439 civitatis
800 2400 894 2448 [om.
925 2413 1083 2450 compos.
1114 2403 1185 2450 ips.
1217 2403 1382 2440 civitatis
1409 2402 1472 2450 O].
1518 2425 1565 2429 -—
1606 2402 1688 2442 XX.
1727 2403 1832 2451 [XIX
1859 2405 1909 2453 F;
1949 2405 2069 2444 XVIII
2106 2404 2175 2453 O]

241 2462 390 2499 Bellum
416 2462 586 2510 primum
616 2465 751 2498 contra
781 2459 1038 2499 Ascalonitas.
1097 2461 1159 2499 ubi
1186 2462 1340 2509 infinita
1358 2464 1529 2511 >pecunia
1557 2476 1699 2501 aurum
1725 2465 1867 2503 scilicet
1893 2470 1929 2503 et
1957 2462 2177 2516 arqentum‘

241 2526 353 2570 capta
379 2521 456 2567 fuit
485 2521 580 2568 [om.
609 2521 673 2558 ubi
701 2520 855 2568 infinita
883 2532 999 2569 usque
1027 2525 1140 2569 capta
1165 2521 1243 2567 fuit
1272 2521 1418 2569 FOR].
1466 2544 1510 2548 ——
1554 2522 1653 2562 XXI.
1684 2522 1771 2570 [XX
1799 2522 1973 2570 F;.X1X
2000 2523 2051 2572 Ο]
2089 2525 2159 2562 Ubi

242 2581 498 2619 Buamundus
525 2585 559 2618 et
579 2580 802 2617 Balduinus
820 2578 1038 2618 Edessenus
1055 2579 1292 2618 Iherusalem
1322 2583 1475 2619 veniunt
1503 2595 1587 2620 cum
1606 2582 1738 2620 XXV
1759 2584 1868 2622 milia
1896 2589 1974 2622 tam
1993 2585 2158 2622 militum

241 2653 354 2689 quam
394 2641 561 2690 equitum
601 2638 779 2686 [veniunt
817 2651 900 2676 cum
936 2641 1105 2677 exercitu
1133 2651 1270 2689 maqno
1299 2640 1447 2687 FORJ.
1481 2663 1527 2667 —
1570 2641 1684 2680 XXII.
1716 2641 1820 2690 [XXI
1847 2642 1895 2688 F;
1923 2642 1994 2681 XX
2020 2642 2071 2690 O]
2099 2643 2160 2682 De

241 2700 455 2737 reversione
483 2712 613 2737 eorum
642 2700 688 2736 ab
715 2698 950 2735 Iherusalem
979 2704 1013 2736 et
1040 2699 1106 2736 ubi
1134 2705 1267 2749 captus
1293 2701 1372 2749 fuit
1400 2701 1668 2740 Buamundus.
1709 2723 1758 2727 —
1798 2701 1929 2741 XXIII.
1959 2701 2080 2751 [XXII
2109 2701 2157 2748 F;
2182 2734 2187 2738 .

241 2758 326 2797 XXI
355 2758 405 2805 O]
453 2759 522 2796 Ubi
560 2760 641 2796 dux
682 2757 920 2805 Godefridus
956 2760 1124 2797 moritur
1161 2764 1195 2797 et
1224 2761 1390 2809 qualiter
1418 2761 1618 2799 Balduino
1644 2761 1770 2808 fratri
1797 2761 1996 2812 [qermano
2025 2761 2093 2801 FO
2105 2761 2173 2809 R]

242 2820 322 2856 eius
350 2832 433 2856 cum
462 2819 667 2856 exercitulo
694 2831 763 2857 suo
782 2819 1019 2858 Ih-erusalem
1047 2820 1211 2856 venienti
1239 2820 1382 2858 obviam
1404 2821 1567 2868 fuerunt
1593 2821 1710 2859 Turci
1728 2834 1753 2859 a
1773 2821 1923 2859 Beritto
1951 2822 2077 2870 [eruto
2104 2820 2175 2868 R]

242 2879 354 2928 quasi
381 2878 569 2916 miliariis
596 2879 761 2928 quinque
788 2891 882 2929 quos
900 2880 1002 2916 idem
1020 2879 1199 2916 devicerit
1228 2879 1409 2925 [devincit
1428 2879 1494 2926 RJ.
1528 2901 1572 2906 —
1604 2879 1736 2919 XXIV.
1759 2879 1897 2928 [XXIII
1917 2880 1964 2927 F3
1984 2879 2088 2919 XXII
2105 2877 2157 2928 Ο]

250 2938 320 2975 Ubi
347 2942 531 2976 venerunt
559 2938 611 2975 ad
638 2938 840 2987 sepulchra
862 2938 1019 2976 Habrae
1047 2943 1081 2975 et
1108 2938 1221 2976 Isaac
1249 2943 1283 2976 et
1310 2938 1422 2976 Iacob
1451 2944 1485 2977 et
1515 2940 1610 2986 [om.
1639 2939 1705 2977 ubi
1731 2952 1810 2978 ven.
1839 2951 1964 2989 usque
1991 2944 2026 2978 et
2052 2938 2158 2978 iacob

243 3002 276 3034 et
305 2997 437 3043 FOR]
467 3010 586 3046 quare
614 3002 940 3042 maremortuum
967 2998 1024 3035 sic
1052 2999 1277 3035 nominatur
1309 2997 1494 3047 [vocatur‚
1523 3011 1599 3036 om.
1629 3000 1685 3036 sic
1703 2998 1732 3036 F
1741 2998 1792 3045 R]
1822 3003 1857 3037 et
1884 2999 1949 3037 ubi
1974 3003 2157 3037 venerunt
2177 3006 2204 3013 ”

243 3057 294 3093 ad
321 3056 463 3101 fontem
494 3069 600 3105 quem
628 3057 779 3107 Moyses
806 3069 937 3095 coram
961 3057 1056 3105 filiis
1074 3056 1225 3094 Israhel
1255 3057 1418 3095 Domino
1446 3059 1672 3096 insinuante
1692 3059 1836 3096 silicem
1855 3059 1963 3108 virya
1991 3057 2157 3108 [virqam
2203 3098 2210 3104 Ἃ

244 3122 296 3168 R]
324 3120 380 3157 bis
400 3117 494 3163 [om.
514 3115 559 3162 F]
575 3115 794 3164 percutiens
812 3117 918 3154 exire
936 3117 1048 3153 iussit
1068 3121 1102 3153 et
1121 3117 1174 3154 ad
1191 3118 1466 3154 monasterium
1484 3119 1613 3155 ‘sancti
1630 3118 1780 3156 Aaron.
1813 3113 1855 3146 —'
1882 3116 1999 3156 XXV.
2014 3115 2157 3164 [XXIV

245 3180 332 3226 FG;
363 3173 480 3214 XXIII
500 3174 549 3220 O]
589 3175 658 3213 Ubi
685 3175 906 3214 Balduinus
934 3176 1102 3224 efficitur
1130 3188 1200 3214 rex
1227 3181 1261 3214 et
1289 3176 1355 3214 ubi
1374 3176 1604 3215 Antiocheni
1631 3178 1684 3214 ad
1708 3177 1950 3216 Tancredum
1977 3177 2158 3215 domnum
2200 3200 2215 3241 '.‘
