2216 3438
228 161 298 195 270
419 159 582 195 Fulcheri
609 156 841 193 Cal-notensis
865 157 1025 192 Historia
1048 156 1387 202 Hierosolymitana.
1412 178 1458 183 —
1484 157 1562 192 Lib.
1580 157 1607 199 Ι,
1633 168 1710 202 cap.
1727 157 1835 200 XXV,
1860 159 1894 194 8.
1920 159 1954 194 9.

102 280 214 308 2-1099
233 268 424 311 bellandi
464 267 661 310 mandati
705 266 877 308 festinia
915 268 1218 320 perrexerunt3
1258 279 1358 308 cum
1399 266 1557 320 quibus
1595 269 1750 320 postea
1790 267 1903 310 cirea
1944 268 2156 323 oppidum

229 340 449 389 sederunt,
491 352 592 381 nam
626 338 802 388 bellum,
845 351 926 391 pro
968 350 1056 391 quo
1097 337 1196 379 illuc
1237 337 1420 387 iverant,
1461 350 1550 379 non
1583 337 1846 380 habuerunt.
1907 335 1978 393 [8]
2007 339 2054 382 in
2082 340 2158 383 illa

230 415 331 454 tune
363 406 636 453 obsidione²⁰
667 406 930 451 Anselmusb
962 409 1015 450 de
1047 408 1196 451 Riboti
1226 408 1411 460 Monte0‚
1451 409 1574 451 miles
1613 410 1830 461 strenuus,
1873 409 1960 452 ictu
1998 410 2157 465 lapidis

228 483 396 525 interiit.
450 479 520 536 [9]
551 484 654 523 tunc
686 483 833 523 autem
864 480 980 523 facto
1010 480 1195 522 invicem
1217 476 1423 522 consiliod
1441 477 1491 530 ²¹,
1525 480 1811 523 decreverunt
1829 481 2017 535 pariter⁰
2037 482 2156 536 quod

227 554 261 595 si
303 553 570 607 aliquamdiu
617 552 676 594 ibi
715 552 874 594 morati
903 549 1090 594 fuerintf
1117 554 1161 594 et
1191 554 1412 594 castrum&
1442 551 1548 593 illud
1586 564 1743 605 capere
1772 564 1864 594 non
1893 550 2156 606 potuerinth‚

228 625 535 667 detrimentum
565 620 916 665 inrestaurahilei
947 619 1143 665 eunctisk
1173 623 1276 664 inde
1315 622 1549 676 continget.
1619 619 1843 665 dixeruntl
1870 636 1968 666 esse
1996 637 2158 678 operae

227 696 426 750 pretium,
458 697 519 746 ut,
554 694 732 736 dimissa
754 693 993 745 obsidione,
1018 694 1185 736 vadant
1204 707 1283 748 per
1304 693 1421 736 viam
1442 693 1572 744 illam,
1596 707 1730 748 quam
1751 693 1995 736 commercii
2017 694 2159 736 sciunt

227 781 321 810 esse
363 769 624 821 expertemm
637 763 687 816 ²2,
730 766 836 808 dum
879 765 1024 807 adhuc
1054 768 1228 819 tempus
1259 765 1489 808 messionis
1527 777 1602 807 eos
1632 764 1982 820 Hierosolymam
2020 765 2159 808 ituros

345 878 364 898 Β
385 872 570 914 confestim
598 881 659 905 xs.
684 889 731 894 —
756 870 777 896 b
798 871 959 904 ansellus
976 880 1017 910 H}
1044 870 1213 904 anxellus
1230 880 1287 904 Rs.
1323 887 1366 894 —
1399 875 1416 896 0
1442 874 1601 904 castrum
1620 869 1767 904 Archa-³
1783 870 1918 904 dictum
1934 871 1985 904 ad
2000 871 2160 904 radicem

230 921 382 962 [radices
406 919 429 962 1]
466 919 600 953 Libani
634 921 754 962 situm,
788 919 883 962 quod
918 922 1065 962 propter
1099 921 1207 952 situm
1242 918 1311 952 loci
1332 918 1429 961 forte
1453 916 1595 961 [fortem
1619 917 1766 960 ιῃβδμ]
1792 918 1840 951 ad
1863 919 2083 962 rapiendum
2108 922 2160 952 est

230 968 319 1010 [erat
343 967 367 1011 1]
403 967 662 1010 difficillimum
696 966 740 1000 ab
774 965 935 1000 hostibus
960 968 1134 1004 enemim
1170 970 1254 999 ante
1278 965 1373 1009 quod
1396 968 1438 998 in
1463 965 1709 999 tabernaculis
1731 964 1907 1009 hospitati
1922 976 1994 1009 per
2027 965 2061 998 V
2081 965 2160 1010 fere

228 1018 451 1059 septimanas
475 1017 678 1048 astiterunt.
728 1014 824 1048 illud
849 1014 1022 1058 oppidum
1048 1014 1340 1057 antiquissimum
1369 1013 1530 1046 condidit
1553 1013 1752 1054 Aracaeus,
1779 1011 1959 1047 Chanaan
1980 1013 2093 1056 filius,
2117 1017 2159 1047 ut

229 1064 370 1107 leyitur.
419 1063 497 1096 dux
529 1066 647 1096 autem
685 1061 910 1103 Godefridus
943 1065 976 1095 et
999 1061 1186 1104 Robertus,
1220 1061 1428 1095 Flandriae
1462 1071 1583 1101 comes,
1617 1071 1691 1094 non
1723 1059 1836 1095 multo
1857 1064 1939 1105 post
1961 1062 2158 1095 exercitum

229 1111 333 1145 'illum
390 1111 567 1144 subsecuti
614 1113 708 1143 sunt.
778 1112 851 1152 qui,
901 1113 1093 1152 antequam
1142 1108 1233 1142 illuc
1279 1110 1542 1152 pervenissent,
1594 1108 1791 1148 Gibellum,
1841 1111 2001 1143 castrum
2050 1108 2158 1152 quod-

229 1159 314 1192 dam
360 1158 698 1197 nominatissimum,
745 1157 927 1190 obsidione
972 1156 1209 1190 vallaverunt.
1277 1156 1340 1190 sed
1375 1156 1546 1199 leyatione
1585 1156 1630 1189 ab
1663 1157 1821 1190 exercitu
1857 1155 1991 1198 habita,
2026 1161 2069 1190 ut
2107 1158 2159 1190 eis

229 1206 358 1248 festine
391 1208 644 1239 succurrerent
679 1204 905 1247 [succurrent
929 1203 963 1246 A]
1000 1207 1124 1238 contra
1155 1204 1301 1244 Turcos,
1337 1214 1423 1247 quos
1459 1204 1507 1236 ad
1531 1203 1661 1237 bellum
1685 1203 1946 1247 exspectabant,
1973 1203 2158 1247 confestim

233 1253 411 1287 Gibellum
445 1253 663 1286 dimiserunt
695 1257 727 1286 et
759 1252 809 1285 ad
845 1254 1022 1295 negotium
1054 1251 1268 1285 mandatum
1290 1251 1445 1294 profecti
1469 1254 1564 1286 sunt.
1614 1251 1663 1284 ad
1687 1260 1775 1294 quos
1800 1261 1880 1285 cum
1903 1253 2157 1295 pervenissent,

231 1312 309 1334 cum
343 1304 395 1334 eis
429 1301 607 1341 sederunt,
642 1300 703 1334 sed
737 1299 866 1333 bellum
899 1300 993 1342 quod
1016 1300 1096 1342 fore
1120 1298 1227 1342 [forte
1252 1297 1318 1342 δμ]
1339 1298 1530 1342 putabant,
1556 1308 1629 1332 non
1653 1298 1867 1332 habuerunt.
1916 1300 1958 1332 in
1981 1299 2050 1332 illa
2071 1302 2160 1332 tunc

232 1348 361 1390 [tame-n
387 1347 453 1390 δμ]
489 1348 668 1381 obsidione
693 1347 867 1382 Ansellus
891 1347 934 1381 de
958 1347 1104 1380 Ridboti
1127 1347 1248 1380 Monte
1273 1346 1407 1388 [laboti
1430 1346 1552 1380 Monte
1576 1346 1653 1388 ῐ-’βδ
1662 1345 1697 1388 μ]
1729 1346 1996 1388 ΑΒΡιοειβδμς
2029 1346 2160 1380 Ribodi

231 1400 346 1430 monte
370 1407 402 1431 P.
430 1415 474 1420 ——
500 1394 520 1420 d
542 1395 690 1429 concilio
714 1404 915 1429 ABffloas.
942 1413 986 1418 —
1014 1399 1032 1420 e
1051 1404 1123 1429 om.
1146 1396 1291 1438 pariter
1315 1394 1574 1435 Aerionssbu.
1601 1413 1646 1419 —-
1674 1393 1689 1419 f
1708 1403 1848 1428 moram
1876 1393 2030 1437 fecerint
2053 1392 2159 1437 Uace·
2182 1416 2185 1417 ν

232 1448 309 1476 rent
335 1443 358 1486 ι]
386 1443 650 1485 ΑΒΡιοΒβδμ.
678 1461 723 1467 -
748 1448 769 1474 g
788 1443 836 1475 ad
863 1446 1019 1477 castrum
1045 1452 1078 1476 A.
1106 1460 1145 1466 -
1175 1440 1197 1466 h
1216 1445 1359 1485 possent
1384 1452 1412 1481 1;
1440 1444 1595 1484 poterint
1619 1441 1804 1483 ΑΒΒοδμ.
1831 1461 1877 1466 -
1902 1439 2158 1486 iit-recupera·

233 1492 301 1524 bile
325 1491 511 1532 ΑΒΡιΒβδ
523 1501 555 1532 μ.
582 1510 628 1515 ——
654 1489 675 1515 k
695 1490 859 1524 omnibus
890 1500 945 1523 κε.
980 1508 1023 1513 -
1056 1488 1068 1515 l
1093 1489 1178 1522 inde
1211 1491 1360 1528 eveniet:
1394 1490 1587 1532 dicuntque
1620 1488 1886 1531 Anrlonssbm
1919 1489 2162 1532 dixeruntque

231 1549 319 1572 aits.
358 1556 400 1562 —
438 1543 469 1563 111
494 1549 562 1582 per
586 1541 680 1571 viam
706 1548 813 1581 quam
839 1539 1044 1571 commercio
1068 1536 1281 1580 [commercii
1304 1536 1475 1578 Annon]
1510 1540 1688 1580 expertem
1711 1540 1864 1571 noscunt
1892 1537 2159 1579 ΑΒΡιοιιβδμ,

232 1657 464 1697 feindlichen
494 1655 933 1696 mohammedanischen
956 1655 1103 1695 Heeres
1133 1655 1240 1694 nicht
1259 1655 1505 1702 vorhanden3
1535 1654 1598 1694 ein
1617 1654 1783 1694 falsehes
1802 1654 1973 1694 Gerficht
1991 1667 2074 1694 war
2098 1653 2162 1694 die

232 1718 402 1757 Ursache
435 1717 561 1756 dieser
589 1716 867 1766 Befiirchtung.
926 1715 1090 1754 Fulcher
1123 1715 1192 1754 hat
1220 1714 1328 1753 seine
1355 1714 1572 1765 Mitteilung
1599 1727 1671 1754 aus
1699 1714 1817 1754 Gesta
1840 1713 1994 1762 XXXV,
2026 1715 2044 1753 1
2077 1714 2160 1753 und

229 1777 354 1816 Raim.
376 1778 454 1815 277
470 1776 506 1815 Η
536 1781 805 1823 entnommen,
835 1776 939 1814 ohne
955 1775 1094 1826 jedoeh
1116 1774 1357 1824 anzugeben,
1387 1787 1466 1813 wer
1486 1787 1533 1813 zu
1553 1772 1699 1813 diesem
1718 1773 1914 1813 Geriichte
1932 1772 1995 1813 die
2012 1773 2160 1824 Haupt·

229 1836 509 1886 vei-anlassung
536 1836 709 1886 gegeben
739 1836 818 1881 hat,
850 1836 899 1873 ob
930 1835 1027 1874 Graf
1050 1834 1262 1883 Raimund,
1290 1834 1364 1872 wie
1391 1833 1480 1874 Alb.
1502 1833 1547 1881 V,
1576 1834 1640 1881 34,
1670 1834 1760 1873 dem
1788 1833 1875 1872 WT
1904 1833 1984 1882 vll,
2016 1834 2062 1872 17
2098 1846 2159 1884 ge·

228 1897 319 1947 solgt
348 1896 409 1943 ist,
439 1894 645 1940 annimmt,
676 1895 768 1933 odei·
796 1894 857 1933 die
877 1894 1112 1940 Sarazenen,
1141 1894 1215 1932 wie
1235 1893 1361 1932 Raim.
1383 1893 1510 1932 278Α
1539 1893 1739 1932 berichtet.
1785 1892 1878 1932 Man
1899 1892 1971 1943 vgl.
1991 1893 2161 1932 darfiber

228 1956 402 1995 Naheres
431 1955 471 1994 in
500 1955 572 1994 HG
602 1955 682 1993 429
697 1955 736 1993 ff.
770 1955 850 1993 und
880 1953 1036 1993 R.1.Kr.
1062 1954 1131 1992 171
1153 1954 1177 1992 f.
1209 1974 1255 1980 —
1287 1953 1520 1992 Gibellum
1549 1953 1598 1992 ist
1625 1953 1695 1992 das
1723 1953 1775 1992 22
1803 1953 1871 1992 km
1898 1951 2049 1992 sudlich
2077 1961 2155 1992 von

227 2015 429 2061 Laodicea,
466 2014 656 2064 ungefahr
697 2013 737 2052 in
767 2014 835 2052 der
864 2014 972 2052 Mitte
1000 2012 1194 2052 zwischen
1223 2011 1458 2051 Antiochien
1487 2013 1570 2051 und
1596 2012 1704 2051 Arka
1730 2025 1795 2052 am
1822 2011 1952 2052 Meere
1978 2011 2162 2063 gelegene

229 2074 526 2114 unbedeutende
555 2072 773 2120 Dschebeli,
812 2074 881 2112 das
919 2073 1066 2112 Gabala
1103 2073 1171 2111 des
1207 2071 1348 2111 Strabo
1386 2072 1466 2111 und
1496 2071 1658 2119 Plinius,
1691 2071 1831 2123 jedoch
1867 2070 1976 2110 nicht
2003 2083 2051 2110 zu
2079 2083 2160 2110 ver—

230 2134 425 2173 wechseln
454 2132 525 2172 mit
553 2133 641 2171 dem
671 2134 776 2179 §10
804 2145 879 2171 von
909 2132 1076 2171 Fulcher
1105 2137 1328 2182 genannten
1359 2131 1660 2170 Gibellulum.
1720 2122 1826 2170 Uber
1853 2130 2060 2178 Gibellum,
2089 2131 2160 2170 das

228 2194 385 2244 heutige
413 2191 630 2239 Dschebeli,
659 2191 734 2242 vgl.
753 2192 852 2231 auch
873 2191 983 2230 Idrisi
1004 2191 1064 2230 bei
1083 2191 1302 2236 Jaubertll,
1334 2191 1412 2229 130
1440 2191 1519 2229 und
1541 2190 1580 2229 in
1603 2190 1735 2229 ZDPV
1754 2191 1792 2238 8,
1817 2191 1911 2238 1403
1940 2189 2159 2230 Maundrell

231 2254 277 2292 21
299 2253 356 2300 ff.;
395 2252 576 2291 Mannert
614 2251 675 2298 VI,
712 2251 739 2298 Ι,
780 2251 878 2298 449;
917 2251 1113 2301 Berggren
1149 2249 1194 2296 11,
1237 2250 1330 2296 167;
1371 2249 1552 2288 Michaud
1581 2254 1618 2288 et
1645 2250 1852 2301 Poujoulat
1879 2249 1959 2297 Vll,
2001 2249 2076 2288 162
2093 2249 2157 2296 ff.;

232 2312 352 2351 David
391 2312 461 2359 22;
502 2311 625 2350 Ritter
667 2311 728 2357 17,
765 2311 803 2349 5.
844 2311 912 2356 70;
952 2322 1040 2348 vom
1069 2309 1173 2348 Rath
1203 2309 1247 2356 ΙΙ,
1276 2309 1373 2356 307;
1412 2308 1484 2348 HG
1520 2310 1610 2348 431.
1659 2330 1704 2335 —
1749 2311 1797 2347 2⁰
1824 2311 1846 2356 ἕ
1875 2310 1919 2348 8:
1957 2309 2042 2348 Der
2074 2309 2158 2348 Toa

231 2372 409 2410 Anselms
436 2384 507 2410 von
535 2371 752 2420 Ripemont.
794 2393 841 2397 —
881 2368 1178 2407 Ausfi'ihrliches
1215 2368 1310 2406 iiber
1338 2367 1502 2406 Anselm
1531 2381 1607 2407 von
1636 2367 1859 2419 Ripemont,
1887 2368 1964 2407 den
1991 2367 2158 2407 Fulcher
2215 2366 2216 2373 ’

233 2444 307 2469 nur
344 2430 429 2470 hier
467 2443 516 2468 an
558 2442 721 2468 unserer
751 2428 867 2468 Stelle
896 2433 1034 2474 nennt,
1072 2427 1191 2466 sowie
1219 2427 1315 2466 iiber
1344 2428 1483 2466 dessen
1513 2440 1634 2478 gegen
1665 2427 1740 2466 den
1769 2428 1833 2467 25.
1853 2427 2026 2467 Februar
2055 2428 2160 2467 1099

234 2504 300 2529 vor
337 2490 443 2528 Arka
479 2489 665 2539 erfolgten
695 2488 780 2527 Tod
820 2509 866 2514 —
911 2487 1058 2538 „lapide
1094 2486 1278 2526 tormenti
1311 2486 1351 2525 in
1390 2486 1514 2537 capite
1554 2499 1762 2537 percussus
1796 2491 1855 2526 est
1882 2491 1999 2537 atque
2026 2486 2082 2526 sic
2108 2487 2158 2526 ad

232 2551 360 2588 locum
390 2548 462 2587 sibi
488 2562 510 2587 a
530 2548 611 2587 Deo
630 2552 809 2598 paratum
828 2546 1044 2598 migravit“,
1074 2546 1199 2584 Rajm.
1221 2547 1298 2584 277
1314 2546 1344 2584 Β
1376 2568 1423 2573 -
1454 2559 1485 2585 s.
1515 2559 1563 2585 zu
1592 2546 1688 2597 HEp
1717 2547 1768 2585 63
1783 2546 1822 2591 f..
1851 2540 1972 2586 HChr
1988 2545 2057 2586 Nr.
2076 2547 2158 2586 355

233 2622 269 2648 u.
299 2608 455 2648 R.1.Kr.
490 2609 577 2646 177.
610 2629 656 2634 —-
686 2609 732 2645 21
761 2608 846 2653 §92
878 2607 942 2644 Da
960 2607 1074 2644 Arka
1101 2606 1417 2644 voraussichtlich
1445 2607 1540 2644 doch
1568 2607 1674 2644 nicht
1701 2608 1983 2656 einqmommen
2003 2607 2158 2645 werden

231 2671 366 2718 nonne,
394 2669 496 2706 wird
515 2668 759 2713 beschlossen,
779 2669 879 2716 jetzt
906 2679 982 2705 zur
1001 2666 1087 2704 Zeit
1115 2667 1186 2703 der
1213 2670 1340 2703 ersten
1359 2665 1483 2703 Ernte
1510 2667 1584 2704 den
1606 2666 1689 2716 Zuy
1717 2665 1817 2704 nach
1843 2666 1929 2704 dem
1955 2666 2156 2704 ersehnten

235 2729 338 2766 Ziele
365 2728 637 2776 fortzusetzen.
683 2747 730 2753 —
775 2725 899 2764 facto
935 2723 1140 2763 invicem
1177 2724 1396 2763 consilio:
1440 2725 1656 2771 „nachdem
1692 2737 1783 2764 man
1822 2723 1906 2764 sich
1934 2729 2048 2764 unter
2076 2723 2157 2763 ein-

230 2787 353 2825 ander
382 2787 540 2825 beraten
569 2786 724 2832 hatte“;
757 2784 864 2824 siehe
892 2784 993 2823 auch
1022 2796 1111 2822 zum
1139 2783 1282 2822 Ausdr.
1307 2783 1390 2830 XV,
1423 2784 1457 2823 7.
1515 2784 1572 2823 Zu
1600 2784 1690 2822 dem
1717 2783 1945 2831 Entschluss,
1971 2782 2080 2823 Arka
2106 2795 2156 2822 zu
2182 2807 2186 2829 χ

234 2846 441 2892 verlassen,
479 2858 559 2883 war
597 2858 638 2884 es
677 2844 886 2894 allerdings
924 2848 1003 2882 erst
1040 2843 1141 2882 nach
1171 2842 1342 2893 heftigen
1372 2842 1656 2893 Streitigkeiten
1693 2843 1946 2893 gekommen:
1980 2855 2057 2882 nur
2083 2841 2190 2883 mit?

233 2905 446 2944 innerstem
483 2904 777 2943 Widerstreben
814 2904 961 2942 konnte
999 2902 1083 2942 sich
1120 2902 1217 2941 Graf
1249 2902 1447 2942 Raimund
1485 2902 1766 2950 dareinfinden,
1810 2903 1918 2942 ohne
1950 2901 2057 2942 Arka
2096 2910 2157 2941 er'-

233 2964 342 3002 obert
375 2977 422 3002 zu
451 2963 594 3011 haben,
631 2964 706 3002 den
744 2962 966 3013 Weiterzug
1007 2967 1252 3009 anzutreten3
1291 2974 1333 3000 er
1371 2962 1513 3001 weinte
1541 2958 1699 3001 Tranen
1737 2962 1819 3001 und
1857 2962 2058 3001 sehaumte
2085 2972 2178 3000 vorm

232 3022 327 3061 Wut
355 3023 534 3071 dariiber,
564 3023 639 3062 dai}
669 3022 789 3062 selbst
817 3021 924 3061 seine
952 3020 1115 3071 eigenen
1133 3021 1254 3060 Lente
1283 3020 1364 3060 sich
1395 3021 1503 3060 nicht
1531 3022 1643 3061 mehr
1668 3016 2028 3068 aufhalten'liefien,
2062 3015 2180 3068 „sed-⁵

233 3082 311 3119 dux
339 3081 611 3132 Lotharingiae
632 3081 802 3121 maxime
821 3081 973 3120 volebat
991 3081 1067 3119 hoc
1085 3080 1168 3128 iter,
1198 3085 1236 3119 et
1255 3080 1408 3131 plebem
1427 3081 1476 3120 ad
1495 3082 1570 3120 hoc
1589 3075 1996 3128 commonefaciebat“,
2024 3079 2152 3120 Raim.
2170 3089 2179 3110 ⁴2

234 3141 311 3178 289
327 3140 370 3178 Β.
427 3141 590 3179 Fulcher
628 3141 805 3179 erwahnt
843 3141 968 3179 davon
1008 3139 1148 3187 niehts,
1191 3139 1265 3178 wie
1302 3141 1406 3179 denn
1441 3141 1541 3179 auch
1570 3140 1677 3179 seine
1704 3139 1860 3179 weitere
1885 3139 2064 3190 Vorlage,
2091 3138 2181 3179 die}

233 3200 360 3246 Gesta,
391 3200 515 3237 davon
537 3200 663 3239 nichts
683 3200 838 3239 wissen.
879 3199 961 3250 Vgl.
982 3198 1082 3238 auch
1102 3199 1174 3238 HG
1195 3200 1285 3238 437.
1318 3221 1364 3226 —
1395 3202 1444 3238 22
1469 3199 1542 3247 „Es
1561 3199 1615 3238 sei
1636 3200 1704 3238 der
1721 3199 1840 3250 Miibe
1858 3203 1968 3247 wert,
1997 3198 2074 3237 da&
2096 3197 2183 3250 sie}

2170 3263 2181 3286 5

2171 3312 2179 3334 k

2160 3395 2180 3438 i
