2216 3438
141 177 308 215 Fulcheri
324 177 554 215 Camotensis
570 177 729 214 Historia
746 177 1082 222 Hierosolymitana.
1109 198 1154 204 —-
1180 178 1258 214 Lib.
1275 178 1302 221 Ι,
1330 189 1406 223 cap.
1425 178 1486 220 XI,
1508 179 1569 220 10;
1595 189 1672 223 cap.
1690 177 1766 220 ΧΠ,
1787 178 1818 213 1.
1836 179 1868 213 Q.
1898 179 1964 213 197

0 279 3 316 4
45 288 164 332 dona
201 285 529 331 misericordiae
558 300 664 329 suae
702 287 828 330 nobis
866 287 1124 330 infunderet.
1157 326 1161 333 ,
1186 288 1427 342 ρ]οι·ειῃᾶο“
1457 288 1707 339 cantabant,
1743 288 1961 330 cantando
1981 296 2089 325 a·1⁰⁹⁷

0 328 6 429 ἰ
44 356 315 415 plorabantb.
367 360 471 402 tunc
502 358 625 401 multi
656 358 713 401 ad
747 371 822 401 eos
854 359 1098 410 currebant,
1133 360 1206 414 qui
1238 359 1464 402 confestim
1494 359 1604 402 mori
1635 359 1835 402 timentes
1863 371 1966 402 con-

0 435 7 472 }
44 431 280 475 fitebantur
296 429 370 474 ‚eis
401 431 581 485 peccata
611 443 704 472 sua.
758 427 857 484 [10]
879 432 1006 473 tunc⁰
1026 444 1227 485 proceres
1247 431 1398 482 nostri,
1425 430 1646 473 Robertus
1667 431 1760 473 Nor
1896 430 1964 472 iae

45 515 190 546 comes
232 503 276 545 et
319 501 568 556 Stephanus
612 499 784 544 comesd
826 501 1044 544 Blesensis
1084 504 1128 544 et
1171 502 1415 544 Rohertus⁰
1466 515 1611 544 comes
1653 502 1789 544 Fland
1860 498 1964 562 nf3²‚

44 573 328 617 Boamundus
379 586 554 628 quoque
606 586 685 627 pro
723 577 879 627 posseg
917 573 998 614 illis
1037 570 1326 615 resistebanth
1370 575 1412 615 et
1458 586 1533 615 eos
1581 586 1712 627 saepe
1758 573 1861 616 inva
1919 586 1964 615 re

0 643 19 884 ι
44 644 305 688 nitebantur.
367 644 450 699 ipsi
482 644 658 699 quidem
689 658 716 686 a
747 643 899 686 Turcis
930 644 1097 687 fortiter
1127 643 1478 699 impetebantur&

828 808 830 810 .
956 773 1045 816 XII.

421 859 484 899 De
514 859 620 910 fuga
650 773 903 995 'ruffi
920 859 967 899 et
996 859 1187 899 victoria
1217 859 1584 900 Christianorum.
1933 851 1938 871 ³

164 937 234 996 [1]
266 938 380 984 Sed²
421 941 604 984 forsitan
644 954 694 983 su
757 940 959 983 licatione
1002 938 1182 984 nostra*
1222 941 1434 984 Dominus
1477 942 1676 996 placatus
1721 940 1842 996 (quia
1884 955 1964 984 nec

44 1003 299 1056 nobilitatisl
329 1025 519 1067 pompae
550 1025 631 1055 nec
662 1012 792 1054 armis
823 1012 976 1054 lucidis
1006 1013 1319 1067 triumpharem
1350 1013 1480 1064 favet,
1522 1013 1599 1056 sed
1630 1014 1765 1056 menti
1795 1018 1965 1068 puraen

18 1103 19 1106 ¹
45 1086 88 1127 et
117 1083 347 1126 virtutibus
378 1083 534 1126 divinis
564 1083 758 1126 munitae
783 1083 827 1125 in
849 1083 1107 1126 necessitate
1136 1084 1206 1138 pie
1235 1081 1477 1136 subvenit&
1510 1085 1723 1139 paulatim
1744 1082 1966 1139 vigorem³

45 1155 171 1198 nobis
210 1157 314 1198 tunc
355 1154 595 1209 praestitit⁰
636 1157 679 1196 et
719 1154 884 1197 Turcos
927 1155 1067 1209 magis
1111 1155 1338 1210 magisque
1384 1156 1637 1198 debilitavit.
1712 1170 1816 1198 nam
1862 1156 1964 1198 visis

44 1226 253 1270 consociis
273 1226 445 1277 nostris,
479 1226 554 1280 qui
574 1224 809 1281 postremi4
831 1227 888 1268 ad
911 1226 1238 1269 adiuvandump
1259 1241 1340 1270 nos
1367 1228 1677 1282 properabant,
1710 1227 1964 1270 laudandoq

0 1287 19 1330 s
43 1298 197 1350 Deum,
230 1297 459 1341 audaciam
489 1297 801 1359 resumpsimus
831 1300 874 1340 et
905 1311 983 1352 per
1013 1298 1187 1341 turhasr
1216 1301 1280 1341 etfl
1311 1295 1542 1342 cohortes5
1574 1299 1636 1341 eis
1662 1299 1861 1341 resistere
1882 1298 1964 1340 nisi

44 1382 207 1412 sumus.
271 1365 341 1424 [2]
371 1369 480 1412 heu!
513 1367 642 1424 quott
672 1369 728 1411 de
759 1369 919 1411 nostris
952 1370 1020 1412 die
1052 1370 1124 1412 illo
1154 1372 1255 1424 post
1286 1383 1366 1413 nos
1398 1371 1514 1412 lente
1544 1366 1795 1412 venientes⁶
1826 1370 1871 1412 in
1891 1370 1963 1412 via

31 1440 311 1484 occiderunt!
386 1453 413 1483 a
452 1440 592 1495 prima
633 1440 876 1495 siquidemu
915 1441 1024 1483 hora
1063 1441 1146 1483 diei
1186 1454 1326 1495 usque
1359 1442 1416 1484 ad
1456 1443 1624 1484 sextam
1655 1455 1748 1491 nos,
1782 1444 1830 1483 ut
1862 1441 1960 1492 dixi,

45 1511 301 1566 angustiaev
337 1509 663 1554 coercuerunt⁷z
707 1512 785 1554 sed
825 1515 929 1554 tunc
969 1512 1180 1567 paulatim
1216 1512 1343 1555 nobis
1380 1513 1619 1555 animatisW
1649 1515 1720 1555 etx
1750 1513 1804 1555 de
1836 1513 1962 1555 sociis

37 1660 41 1662 η
161 1622 182 1643 ⁸
199 1616 396 1661 plorabant
419 1626 448 1651 s.
477 1634 509 1642 —
544 1615 566 1642 b
585 1620 770 1650 cantantes
793 1617 946 1651 orabant
969 1618 1317 1660 ΑΒΡΗικοειεβδμ.
1349 1636 1397 1642 -
1421 1623 1439 1644 0
1458 1622 1533 1652 tum
1564 1629 1596 1652 K.
1638 1636 1673 1642 —-
1711 1616 1734 1643 d
1753 1628 1825 1652 om.
1852 1628 1963 1652 comes

0 1676 1 1682 ¹
39 1664 168 1708 ΔΒδμ.
193 1684 239 1690 -
263 1670 282 1692 0
300 1674 372 1699 om.
398 1664 573 1699 Robertus
596 1665 806 1707 ΑΒι-Ἦβδμ.
834 1683 878 1687 -
906 1663 922 1690 f
935 1665 1158 1707 flandrensis
1183 1676 1242 1699 xs.
1278 1684 1319 1688 —
1353 1671 1373 1697 g
1391 1675 1494 1708 posse
1517 1675 1582 1699 suo
1606 1675 1643 1699 Η.
1682 1685 1726 1691 -
1758 1664 1781 1691 h
1801 1667 1851 1699 eis
1875 1665 1963 1707 (illis

42 1710 97 1754 ¹x)
120 1713 286 1747 resistere
308 1712 683 1754 annrmxonsssbu.
719 1732 764 1737 —
799 1711 811 1737 ἱ
837 1722 910 1746 om.
936 1714 1011 1756 ipsi
1035 1723 1065 1755 q.
1084 1723 1118 1747 α.
1142 1712 1178 1747 Τ.
1197 1713 1225 1755 f.
1251 1712 1511 1756 impetebantur
1535 1723 1571 1746 Η.
1607 1732 1652 1738 -
1686 1711 1708 1738 k
1732 1712 1833 1747 deest
1858 1724 1880 1748 1.
1916 1733 1961 1738 —

72 1759 232 1794 nobilius
254 1770 277 1794 1.
314 1777 356 1783 —
393 1765 425 1785 ¹1¹
451 1759 676 1803 triumphari
699 1769 728 1793 z.
763 1777 811 1783 —
844 1765 867 1785 n
885 1761 968 1803 piae
994 1760 1088 1802 βδμ.
1125 1778 1170 1783 —-
1204 1765 1223 1786 0
1242 1762 1399 1794 restituit
1422 1771 1451 1794 z.
1486 1778 1530 1784 —
1562 1766 1583 1793 P
1602 1760 1829 1794 adiuandum
1854 1770 1886 1794 B.
1919 1779 1960 1784 —

81 1806 272 1843 laudantes
295 1807 509 1849 ΑΒοιιβδμ.
548 1824 589 1831 -
626 1812 641 1832 r
662 1810 802 1840 turmas
826 1817 855 1841 z.
895 1826 940 1831 —
974 1813 989 1832 ⁸
1014 1807 1113 1841 deest
1135 1817 1168 1841 n.
1207 1826 1244 1830 —
1286 1809 1298 1833 t
1323 1808 1417 1851 quod
1441 1818 1472 1841 A.
1505 1827 1550 1832 —
1583 1813 1604 1833 u
1623 1818 1705 1841 vero
1729 1817 1858 1849 Anon;
1884 1818 1957 1842 om.

9 1876 12 1884 ·
43 1859 45 1864 '
124 1855 216 1889 idem
241 1854 334 1897 βδμ.
360 1873 406 1880 -
431 1860 451 1881 V
470 1857 620 1898 anqusle
644 1855 986 1897 ΑΒΡΗΙοΒεΖβδμ.
1012 1873 1057 1878 -
1083 1860 1113 1880 W
1135 1856 1348 1889 reanimati-s
1372 1865 1401 1889 z.
1429 1875 1474 1880 —
1498 1860 1520 1880 Χ
1539 1865 1611 1889 om.
1638 1859 1670 1889 et
1694 1865 1740 1889 IS.

7 1968 18 2016 J.
43 2015 50 2018 ,
95 1972 263 2024 ιᾰῑιῑιιης
299 1973 398 2012 nach
436 1972 563 2012 seiner
591 1972 799 2011 Phantasie
834 1973 1119 2023 umgewandelt
1146 1973 1225 2020 hat,
1264 1973 1430 2012 dariiber
1459 1973 1565 2012 siehe
1594 1973 1690 2012 Einl.
1721 1975 1742 2021 ἓ
1772 1975 1796 2012 6
1826 1973 1865 2013 S.
1896 1975 1959 2013 86.

136 2035 186 2072 82
211 2031 323 2072 Nach
350 2031 465 2072 Gesta
494 2031 556 2080 IX,
595 2033 619 2071 2
657 2031 712 2071 sei
741 2032 935 2071 Robertus
973 2045 1103 2071 comes
1133 2032 1336 2072 Flandriae
1372 2033 1475 2072 beim
1510 2033 1615 2083 Zuge
1643 2033 1850 2073 Gottfrieds
1881 2035 1960 2072 und

105 2090 113 2099 “
157 2092 259 2132 unds
295 2104 493 2143 gewesen3
530 2091 628 2130 doch
669 2105 710 2130 es
747 2091 797 2130 ist
834 2092 894 2131 die
923 2091 1084 2143 Angabe
1113 2092 1297 2131 Fulchers
1326 2091 1592 2132 vorzuziehen.
1650 2093 1706 2131 Da
1734 2094 1801 2132 der
1829 2093 1958 2132 Anon.

51 2147 54 2149 ’
129 2151 272 2192 Gesten
299 2150 440 2190 hochst
466 2150 788 2190 wahrscheinlich
818 2151 888 2190 mit
915 2152 982 2190 der
1002 2150 1210 2201 Abteilung
1231 2152 1445 2199 Tankreds,
1475 2151 1536 2191 die
1556 2152 1616 2190 die
1636 2152 1786 2190 Vorhut
1806 2152 1958 2199 bildete,

183 2223 211 2250 n
244 2209 308 2258 ist,
345 2222 390 2249 so
426 2209 528 2249 kann
569 2223 611 2249 er
644 2209 726 2249 sich
760 2209 876 2249 leicht
904 2211 999 2249 iiber
1027 2211 1101 2250 den
1132 2211 1282 2250 Marsch
1315 2211 1383 2250 des
1413 2212 1642 2250 Flanderers
1672 2212 1788 2262 geirrt
1817 2211 1957 2259 haben,

107 2299 117 2310 .
145 2269 245 2310 auch
271 2269 343 2309 HG
375 2270 463 2309 197.

50 2341 62 2363 ‘r
104 2352 107 2355 ·
161 2331 182 2368 1
209 2330 254 2377 ἐξ
286 2329 303 2368 1
334 2341 374 2368 u.
403 2329 447 2368 2:
491 2329 572 2368 Der
604 2330 758 2368 ΤᾱνΙεεη
786 2330 1135 2381 Machtentfaltunq
1163 2331 1341 2379 erlahmt,
1375 2331 1437 2368 die
1476 2330 1855 2379 Widerstandskraft
1889 2332 1960 2369 der

62 2432 65 2433 ⁷
102 2389 228 2428 when
254 2389 436 2427 erstarkt.
492 2389 575 2427 Der
603 2395 772 2428 ersteren
792 2390 998 2440 plo'tzliche
1026 2390 1174 2428 Flucht.
1208 2413 1253 2417 -—
1284 2392 1307 2427 2
1336 2389 1412 2428 Der
1431 2389 1613 2428 Gedanke
1642 2388 1855 2440 entspricht
1883 2390 1957 2428 den

96 2449 207 2487 often
234 2447 365 2486 Psalm
398 2448 486 2493 147,
519 2448 579 2488 10.
613 2449 680 2486 11:
722 2461 824 2497 „non
863 2448 902 2487 in
942 2447 1165 2487 fortitudine
1201 2447 1289 2498 equi
1328 2449 1565 2488 voluntatem
1602 2448 1770 2495 habebit,
1810 2461 1881 2487 nec
1918 2448 1955 2487 in

101 2505 147 2546 'is
171 2505 246 2546 viri
271 2506 556 2557 beneplacitum
584 2506 655 2546 erit
683 2506 730 2546 ei.
777 2507 1058 2558 beneplacitum
1087 2513 1146 2547 est
1170 2507 1336 2546 Domino
1365 2521 1481 2558 super
1510 2507 1690 2546 timentes
1719 2520 1820 2554 eum,
1851 2512 1889 2546 et
1916 2508 1954 2546 in

66 2562 89 2610 ‘j
140 2563 206 2616 qui
233 2571 390 2616 sperant
416 2578 532 2616 super
560 2566 820 2606 misericordia
847 2566 968 2606 eius“.
1010 2589 1052 2594 ——
1083 2569 1108 2605 8
1137 2566 1343 2617 vigorem
1372 2567 1408 2605 d.
1430 2566 1453 2606 i.
1483 2567 1732 2614 Lebensmut,
1771 2566 1874 2605 wohl
1903 2566 1955 2605 im

176 2629 256 2664 satz
291 2637 338 2664 zu
375 2625 444 2663 der
480 2625 580 2664 oben
609 2625 671 2673 XI,
701 2626 726 2664 8
764 2626 991 2665 ετννὲἱὴιιῖθη
1021 2626 1255 2676 Hoffnungs-
1286 2626 1365 2664 und
1394 2625 1662 2676 Mutlosigkeit.
1719 2625 1854 2664 Guizot
1882 2627 1955 2664 31:

141 2682 321 2734 seigneur
356 2683 481 2722 releve
518 2696 591 2734 peu
629 2687 652 2722 a
689 2697 762 2734 peu
801 2689 911 2724 notre
939 2698 1103 2735 courage
1131 2690 1168 2723 et
1195 2684 1353 2724 affaiblit
1381 2685 1427 2724 de
1456 2685 1542 2735 plus
1571 2697 1618 2723 en
1650 2684 1735 2735 plus
1763 2684 1860 2723 celui
1889 2686 1956 2724 des

44 2761 46 2765 ·
105 2743 206 2782 rcs‘.
238 2764 283 2770 —
313 2743 339 2781 4
366 2742 612 2793 postremi,
642 2743 695 2781 im
721 2743 956 2794 Gegensatze
984 2757 1030 2782 zu
1060 2745 1135 2782 den
1164 2756 1434 2794 praecursores
1463 2757 1494 2782 c.
1515 2743 1579 2791 XI,
1610 2744 1645 2791 7,
1675 2743 1866 2782 demnach
1896 2744 1957 2783 die

46 2799 363 2852 bteilungen
403 2801 584 2851 Hugos,
622 2775 879 2842 Raimu⁰nds
908 2804 988 2842 und
1017 2803 1306 2849 Gottfrieds,
1344 2803 1404 2841 die
1432 2803 1471 2841 in
1502 2803 1568 2841 der
1597 2803 1776 2841 sechsten
1806 2803 1955 2842 Stunde

42 2854 265 2911 Μαῠςῑεῃ,
297 2861 485 2900 nachdem
514 2860 645 2899 bisher
673 2874 748 2900 von
777 2862 992 2910 Boemund,
1022 2862 1202 2901 Tankred
1231 2863 1310 2900 und
1340 2863 1414 2901 den
1445 2861 1580 2900 beiden
1603 2862 1797 2901 Roberten
1827 2863 1955 2901 stand·

44 2917 222 2978 'hulten
256 2921 415 2959 worden
444 2920 523 2958 und
552 2920 619 2958 der
646 2919 810 2959 Vortrab
838 2922 906 2960 der
934 2926 1104 2960 ersteren
1134 2921 1381 2971 eingetross'en
1411 2934 1491 2959 war
1520 2921 1600 2959 und
1624 2922 1715 2972 jene
1743 2921 1804 2960 ins
1832 2921 1954 2972 Lager

45 2974 357 3138 §qens-mgene
393 2978 748 3029 Turkenabteilung
784 2979 866 3018 sich
903 2980 1025 3019 schon
1061 2981 1202 3019 wieder
1239 2994 1309 3019 aus
1347 2980 1570 3019 demselben
1609 2980 1776 3019 entfernt
1812 2981 1954 3031 gehabt

114 3039 152 3076 te
193 3058 239 3064 —
268 3040 293 3077 ὅ
321 3038 377 3076 Zu
406 3050 491 3088 per
520 3037 683 3076 turbas
711 3042 755 3076 et
785 3039 1008 3078 cohortes
1043 3039 1149 3078 siehe
1177 3039 1227 3078 XI
1257 3053 1281 3077 n
1313 3040 1348 3078 8.
1390 3061 1435 3065 -
1474 3042 1498 3077 6
1526 3039 1651 3078 lente
1680 3039 1951 3079 venientes:

139 3094 462 3147 Nachziigler,
500 3096 560 3135 die
597 3097 658 3135 hei
691 3096 816 3136 ihrem
851 3098 1123 3136 Getrenntsein
1162 3111 1250 3137 vom
1279 3098 1384 3136 Tros
1421 3098 1488 3136 des
1519 3098 1662 3137 Heeres
1691 3099 1766 3138 den
1795 3099 1953 3138 Tiirken

91 3153 176 3193 xdie
202 3154 342 3194 Hande
369 3155 531 3206 gesallen
560 3156 639 3194 und
667 3160 807 3206 geffitet
834 3157 992 3195 worden
1023 3157 1122 3195 sind.
1154 3178 1199 3184 —
1233 3160 1251 3195 7
1283 3157 1350 3195 Die
1370 3156 1471 3195 Zeit
1500 3156 1636 3196 ihrer
1656 3157 1952 3209 Bedrangnis

221 3214 369 3253 sonach
396 3227 472 3253 von
500 3215 568 3253 der
586 3218 714 3253 ersten
735 3214 1000 3265 Tagesstunde
1019 3216 1110 3263 (6-
1118 3216 1139 3254 7
1161 3215 1259 3263 Uhr)
1279 3214 1337 3253 bis
1357 3228 1424 3253 zur
1442 3215 1621 3255 sechsten
1649 3217 1768 3264 (11-
1778 3218 1824 3256 12
1840 3217 1949 3266 Uhr).
