2216 3438
228 141 299 179 830
1106 139 1271 187 Anhang.

227 253 317 291 liter
344 252 571 290 Balduinus
597 264 669 290 rex
695 251 745 290 II
766 253 933 302 capitur.
995 251 1217 293 Goscelinus
1246 253 1540 304 Galeranusque
1565 267 1651 293 cum
1677 267 1732 294 eo.
1766 276 1821 283 —
1854 253 1931 295 LII.
1962 253 2063 304 [LIII
2087 254 2145 304 A;

227 310 345 350 XLIX
373 310 425 359 Ο]
466 311 536 350 Ubi
563 311 644 350 Deo
671 312 814 350 volente
840 325 913 350 rea·
940 313 1164 353 Balduinus
1190 314 1238 352 de
1265 325 1420 352 carcere
1436 315 1617 363 eripitur.
1654 337 1688 342 —
1725 313 1819 354 LIII.
1840 314 1941 363 [LIV
1960 314 2014 363 A;
2042 315 2073 354 L
2092 316 2143 364 Ο]

233 371 408 419 Qualiter
440 370 663 409 Goscelinus
700 372 744 409 in
780 372 954 421 periculo
991 375 1129 412 mortis
1165 385 1205 412 se
1233 374 1368 423 posuit
1403 378 1439 411 et
1466 373 1662 423 Eufraten
1688 374 1847 423 fluvium
1875 375 2146 425 transfretavit

226 443 310 470 cum
338 430 483 469 duobus
510 431 656 469 viribus
683 443 776 481 quos
803 443 928 470 secum
956 432 1149 488 detulerat
1177 445 1271 483 quos
1298 434 1414 472 etiam
1441 438 1550 472 vento
1577 434 1731 483 inflavit
1761 433 1858 482 [om.
1887 447 1972 474 cum
1999 436 2146 475 duobus

228 502 351 541 usque
378 490 530 539 inflavit
557 489 667 537 ORJ.
700 510 745 516 —
776 490 871 530 LIV.
905 490 988 539 [LV
1015 491 1070 540 Α;
1098 492 1146 531 LI
1173 492 1224 541 Ο]
1265 492 1336 531 Ubi
1367 491 1495 543 Tyrus
1521 495 1687 543 capitur.
1738 494 1948 544 expliciunt
1975 496 2147 546 capitula

227 550 320 588 libri
352 550 489 600 priori
527 549 672 599 [primi
707 549 771 597 B].
827 552 1021 601 incipiunt
1057 552 1231 603 capitula
1267 553 1359 591 libri
1394 554 1553 592 secundi
1589 554 1686 592 editi
1720 565 1747 591 a
1783 553 1958 593 Galterio
1994 555 2147 594 doctore
2200 550 2215 576 Ὗ

230 610 326 657 [om.
356 611 548 660 incipiant
577 622 699 660 usque
726 611 879 650 doctore
905 610 971 659 O].

585 738 625 780 2.
657 737 747 780 Das
778 737 1211 781 Inhaltsverzeichnis
1242 738 1287 781 in
1318 739 1397 782 der
1427 739 1711 783 Handschrist
1739 740 1792 783 K.

1003 808 1049 851 (s,
1075 807 1167 843 Einl.
1192 808 1226 843 S.
1247 808 1315 844 102
1328 809 1365 851 f.)

429 873 629 924 Incipiunt
657 874 829 924 capitula
845 870 860 896 ¹
886 874 979 912 libri
1007 873 1190 913 Fulcheri
1210 875 1432 926 presbyteri
1458 876 1506 914 de
1532 877 1709 927 captione
1733 876 1957 917 Ierusalem.

348 939 537 990 Proloyus
566 939 747 978 Fulcheri
782 940 829 978 de
865 941 1041 990 captione
1067 939 1316 979 Iherusalem.
1354 962 1400 967 —
1448 941 1627 981 Urbanus
1647 955 1757 994 papa
1783 944 1827 982 in
1855 943 2014 982 concilio
2041 943 2147 995 dpud

232 998 392 1038 Claram
420 1004 583 1038 montem
611 999 793 1038 hortatur
821 1000 1055 1039 christianos
1083 1001 1136 1038 ad
1163 1002 1239 1039 iter
1266 1000 1660 1042 lherosolimitanum.
1690 1023 1739 1030 -—
1769 1003 2054 1042 Describuntur
2079 1003 2147 1054 qui

227 1063 262 1097 et
290 1059 443 1109 qnando
471 1060 548 1098 iter
575 1071 688 1110 aqere
714 1065 906 1110 ceperunt.
939 1081 986 1087 —
1016 1060 1076 1098 De
1102 1073 1197 1099 nave
1223 1074 1294 1111 que
1317 1062 1439 1112 periit
1466 1066 1501 1100 et
1529 1062 1640 1113 quale
1665 1063 1897 1102 miraculum
1923 1064 2055 1102 evenit.
2110 1067 2146 1102 et

228 1120 275 1157 de
301 1120 463 1157 victoria
491 1119 794 1158 christianorum
821 1121 930 1159 ultra
956 1121 1115 1159 niceam.
1147 1142 1194 1147 —
1225 1121 1285 1159 De
1311 1122 1421 1173 siyno
1449 1123 1493 1160 in
1520 1121 1597 1161 celo
1623 1123 1704 1161 viso
1730 1123 1838 1173 apud
1854 1121 2083 1162 Heracleam
2110 1127 2146 1162 et
2204 1139 2208 1145 ⁸

229 1179 275 1216 de
303 1179 528 1217 Baldewino
555 1180 739 1229 quomodo
767 1180 868 1219 Roes
886 1180 1073 1218 Edessam
1100 1180 1277 1231 obtinuit,
1306 1186 1341 1220 et
1369 1182 1455 1232 quis
1482 1182 1554 1220 iste
1572 1181 1786 1221 Fulcberus
1802 1180 2147 1234 ‘historiographus

228 1237 364 1286 fuerit.
402 1259 436 1264 ——
475 1238 680 1277 Exercitus
705 1239 782 1277 Dei
799 1240 1048 1278 Antiochiam
1075 1240 1218 1279 obsedit
1246 1245 1281 1279 et
1309 1241 1517 1291 descriptio
1544 1241 1654 1280 urbis
1680 1254 1751 1293 que
1769 1242 1938 1293 qualiter
1955 1241 2148 1282 Dominus

228 1298 383 1336 cuidam
412 1299 599 1348 apparuit
627 1303 662 1336 et
690 1300 875 1349 quomodo
901 1299 995 1338 urbs
1022 1304 1135 1350 capta
1163 1305 1229 1339 est.
1262 1321 1309 1327 —
1340 1300 1399 1339 De
1426 1300 1562 1340 lancea
1589 1301 1748 1340 Domini
1773 1306 1817 1340 ut
1839 1301 2056 1352 putabatur
2088 1303 2149 1342 in·
2188 1351 2190 1355 ι

228 1361 350 1404 venta,
378 1358 487 1395 cuius
515 1358 691 1396 inventor
718 1371 808 1397 reus
828 1359 1019 1408 probatus
1045 1364 1112 1398 est.
1146 1381 1191 1386 —
1223 1359 1282 1397 De
1305 1359 1478 1411 ylario-sa
1504 1361 1667 1400 victoria
1684 1361 1990 1401 christianorum
2017 1366 2053 1400 et
2085 1362 2146 1401 de-

228 1417 389 1466 scriptio
417 1417 504 1455 belli
531 1423 666 1456 contra
698 1419 900 1468 principes
937 1419 1114 1469 triqinta.
1146 1441 1194 1444 —
1237 1419 1456 1459 Christiani
1483 1421 1634 1460 Baram
1661 1426 1696 1460 et
1723 1421 1882 1461 Maram
1908 1421 2146 1473 comprehen-

228 1476 382 1514 derunt.
414 1497 461 1503 —
497 1476 715 1515 Christiani
751 1483 922 1517 castrum
949 1479 1105 1518 Archas
1140 1479 1376 1519 obsederunt.
1420 1501 1470 1506 —
1511 1479 1731 1531 Descriptio
1766 1481 1924 1520 itineris
1960 1493 1986 1520 a
2022 1485 2148 1520 monte
2192 1479 2209 1521 ζ

228 1535 379 1574 Libano
415 1548 532 1587 usque
568 1538 621 1575 ad
650 1537 803 1576 Emaus
841 1539 896 1576 vel
923 1538 1063 1577 Modin
1087 1551 1208 1589 prope
1236 1539 1459 1579 Ierusalem.
1502 1561 1547 1566 —
1587 1540 1663 1579 Die
1689 1542 1849 1592 septimo
1875 1542 2018 1580 mensis
2043 1542 2148 1581 iunii
2206 1556 2209 1580 ε

229 1595 442 1634 Ierusalem
478 1596 674 1635 obsidione
707 1598 984 1637 circumdatur.
1029 1619 1076 1625 —-
1118 1599 1338 1649 Descriptio
1376 1599 1484 1638 urbis
1515 1599 1833 1640 lerosolimitane.
1878 1623 1925 1628 —
1972 1601 2148 1650 Qualiter
2206 1598 2209 1607 '

227 1654 357 1692 urbem
394 1655 603 1694 christiani
639 1657 879 1696 assilierunt.
919 1680 967 1685 —
1007 1658 1084 1697 Die
1117 1660 1251 1710 quinto
1278 1660 1422 1698 decimo
1449 1661 1592 1699 mensis
1619 1660 1715 1699 Iulii
1740 1665 1850 1700 sexta
1875 1661 1982 1710 feria
2008 1665 2147 1712 quarto
2194 1692 2198 1693 γ

227 1715 377 1753 assultu
411 1715 620 1754 Ierusalem
657 1718 814 1766 capitur
853 1730 957 1757 anno
991 1718 1038 1756 ab
1066 1719 1335 1758 incarnatione
1363 1719 1524 1758 Domini
1550 1717 1813 1759 M⁰X0⁰1X⁰.
1858 1743 1905 1748 —
1954 1720 2147 1769 Quomodo
2191 1682 2206 1766 ἐ

228 1774 352 1812 clerus
379 1779 413 1813 et
435 1776 605 1825 populus
632 1776 850 1826 sepulcrum
878 1778 1028 1816 domini
1052 1779 1165 1816 adiit.
1198 1799 1243 1804 —-
1274 1778 1334 1817 De
1356 1779 1571 1828 Godefrido
1598 1792 1687 1831 reye
1710 1779 1827 1828 facto.
1857 1803 1905 1808 —
1935 1779 1996 1819 De
2017 1780 2147 1833 parti-
2175 1788 2197 1806 ·'

227 1833 314 1871 cula
342 1839 472 1872 sancte
499 1837 625 1873 crucis
652 1837 817 1875 inventa.
850 1858 897 1864 —
927 1837 1110 1888 Sequitur
1138 1838 1272 1877 bellum
1306 1851 1390 1877 cum
1423 1851 1511 1890 reqe
1538 1839 1752 1879 Babilonie.
1799 1860 1844 1866 —
1887 1840 2147 1879 Baumundus
2199 1871 2201 1873 ψ

227 1897 262 1930 et
291 1893 514 1932 Balduinus
541 1896 685 1934 adeunt
713 1896 936 1936 Ierusalem.
979 1918 1024 1924 —
1068 1898 1326 1936 Baumundus
1349 1899 1532 1949 princeps
1558 1899 1763 1938 Antiochie
1788 1912 1815 1939 a
1847 1899 1986 1939 Turcis
2011 1904 2147 1950 captus
2188 1920 2203 1932 ν

227 1957 262 1990 et
299 1954 516 2003 redemptus
556 1959 622 1993 est.
669 1977 714 1981 —
760 1956 820 1994 De
853 1962 974 1995 morte
1007 1959 1111 2007 reqis
1150 1957 1359 2006 Godefridi
1393 1963 1427 1997 et
1461 1960 1525 1997 cui
1551 1959 1805 1998 Baldewinus
1837 1960 2014 1998 successit
2040 1964 2076 1999 et
2102 1963 2146 1998 ut

227 2012 490 2052 lerosolimam
518 2015 677 2054 venerit.
724 2038 762 2043 —
814 2017 1008 2064 Quomodo
1037 2030 1107 2055 rea:
1135 2017 1385 2067 Baldeecimcs
1413 2019 1454 2056 in
1483 2018 1675 2058 Arabiam
1699 2020 1928 2068 pervenerit.
1971 2039 2019 2046 —-
2061 2019 2147 2058 Rex

227 2072 476 2111 Baldewinus
502 2079 708 2113 coronatus
735 2080 771 2113 et
798 2077 980 2114 inunctus
1008 2081 1074 2115 est.
1107 2099 1152 2104 —
1186 2077 1269 2116 Rex
1288 2078 1540 2116 Baldewinus
1557 2078 1710 2117 Arsutli
1736 2084 1772 2117 et
1804 2078 2008 2118 Cesaream
2034 2079 2143 2128 cepit.
2179 2081 2206 2127 ‘v

229 2151 275 2156 —
298 2132 383 2170 Rex
401 2132 650 2172 Baldewinus
667 2140 825 2184 superat
845 2136 1127 2175 Asckalonitas.
1167 2159 1200 2164 —
1244 2137 1437 2185 Quomodo
1456 2137 1598 2176 nobiles
1616 2139 1774 2188 quidam
1791 2138 1922 2177 urbem
1946 2138 2145 2178 Tortosam
2172 2186 2174 2189 ι
2203 2173 2206 2191 ¹

227 2197 418 2240 ceperunt.
450 2213 496 2219 —
527 2193 587 2231 De
615 2195 779 2244 quodam
807 2207 946 2245 maqno
979 2195 1294 2235 Christianorum
1322 2196 1556 2245 infortunio.
1596 2220 1640 2224 —-
1683 2197 1768 2236 Rex
1795 2198 2046 2237 Baldewinus
2073 2198 2146 2236 tri-

224 2251 334 2300 qinta
362 2252 587 2291 Babilonios
623 2259 792 2304 superat.
839 2277 885 2281 —
930 2255 1015 2293 Rea:
1042 2255 1293 2294 Baldewinus
1329 2256 1553 2296 vulneratus
1586 2262 1640 2296 est
1674 2257 1721 2296 ab
1748 2257 1920 2307 Ethiope.
1965 2278 2012 2285 --
2060 2257 2146 2296 Ra

226 2310 475 2350 Balalewinus
502 2310 681 2352 Accaron
721 2315 829 2364 cepit.
876 2335 922 2340 —
969 2314 1175 2354 Daibertus
1210 2317 1446 2365 patriarcha
1485 2316 1578 2355 obiit
1615 2321 1649 2355 et
1689 2317 1911 2357 Tancredus
1941 2316 2146 2356 Antiochie

230 2369 374 2408 Tic-roos
401 2374 607 2422 superavit.
640 2394 685 2399 —
717 2374 803 2412 Rex
831 2374 1080 2413 Baldewinus
1106 2376 1150 2413 in
1178 2375 1271 2414 bello
1298 2376 1524 2414 Babilonios
1550 2377 1650 2415 vicit.
1681 2397 1730 2402 -—
1768 2375 1865 2416 Tres
1896 2376 1994 2415 soles
2025 2388 2145 2427 appa-

225 2435 390 2468 ruerunt
426 2436 461 2468 et
497 2432 603 2470 stelle
631 2433 766 2482 pluere
803 2435 880 2471 vise
905 2438 1008 2472 sunt.
1060 2455 1094 2460 —
1145 2434 1205 2472 De
1232 2435 1392 2473 insidiis
1419 2435 1760 2475 Aschalonitarum
1780 2441 1827 2475 et
1858 2436 2022 2475 victoria
2057 2447 2160 2475 nos--

225 2493 386 2540 trorum.
424 2513 470 2517 —
518 2491 578 2529 De
614 2492 734 2530 classe
769 2498 805 2531 et
838 2495 1007 2532 exercitu
1042 2493 1259 2532 Baimundi
1291 2499 1327 2533 et
1359 2496 1522 2534 victoria
1554 2497 1648 2534 eius.
1700 2517 1745 2521 —-
1805 2495 1853 2534 Ut
1887 2495 2144 2535 Baumundus

213 2549 406 2598 compulit
435 2551 705 2599 imperatorem
730 2564 862 2602 pacem
890 2554 1037 2594 iurare.
1071 2574 1115 2579 —
1148 2554 1233 2593 Rea:
1252 2554 1502 2594 Baldewinus
1529 2559 1565 2593 et
1583 2556 1835 2594 Bertrannus
1852 2555 1982 2594 urbem
2006 2554 2144 2605 Tripo-

226 2606 293 2645 lim
321 2609 490 2658 capiunt.
523 2633 568 2637 —
601 2611 686 2650 Rex
712 2612 964 2651 Baldewinus
991 2618 1026 2651 et
1047 2614 1296 2653 Bertrannus
1314 2615 1493 2654 Beritum
1521 2615 1650 2654 urbem
1679 2616 1837 2666 capiunt
1864 2619 1899 2654 et
1926 2615 1975 2653 de
2000 2618 2143 2654 cometa

224 2671 259 2704 et
287 2668 434 2707 auxilio
463 2669 744 2709 Nori-censium
773 2673 826 2710 ad
853 2673 982 2710 urbem
1011 2673 1201 2722 Sydonem
1229 2675 1470 2723 capiendum.
1502 2695 1548 2701 —
1578 2674 1638 2713 De
1665 2674 1942 2714 innumerabili
1972 2674 2143 2713 exercitu

231 2726 443 2765 Turcorum
471 2733 506 2766 et
534 2742 644 2767 cassa
671 2731 865 2777 obsidione
896 2731 1003 2782 Tyri.
1048 2753 1095 2758 —
1140 2733 1202 2771 De
1229 2733 1331 2772 obitu
1365 2734 1556 2773 Tancredi
1585 2734 1780 2784 principis
1804 2733 2049 2773 Antiocheni.
2092 2753 2139 2760 ·-
2179 2736 2182 2739 ’

226 2785 285 2823 De
313 2787 446 2836 eclipsi
472 2788 565 2827 solis
592 2794 627 2827 et
653 2790 751 2841 fuya
778 2796 813 2829 et
841 2792 928 2829 cede
954 2804 1095 2842 maqna
1123 2792 1351 2832 christiana.
1397 2814 1442 2820 —
1486 2793 1546 2831 De
1573 2794 1820 2832 multitudine
1845 2793 2079 2832 locustarum
2105 2796 2142 2831 et

226 2845 273 2881 de
309 2850 525 2886 terremotu.
572 2870 618 2876 —
661 2850 721 2887 De
757 2851 850 2888 bello
887 2863 1024 2901 maqno
1061 2856 1196 2891 contra
1239 2852 1384 2891 Turcos
1420 2858 1454 2891 et
1490 2854 1652 2891 victoria
1692 2853 1922 2892 christiana.
1966 2873 2015 2879 —-
2055 2851 2142 2891 Rea·

226 2904 476 2944 Baldewinus
503 2909 683 2958 equitavit
711 2922 829 2960 usque
855 2911 908 2948 ad
935 2923 1043 2949 mare
1070 2911 1243 2950 rubrum,
1277 2936 1321 2940 —
1353 2912 1412 2950 De
1439 2913 1609 2951 excercitu
1634 2913 1868 2952 locustarum
1895 2913 1997 2951 etde
2013 2916 2142 2951 castro

226 2964 269 3000 in
308 2977 439 3014 campo
480 2967 601 3005 leonis
639 2969 755 3016 fact0.
801 2991 847 2996 -
891 2970 976 3009 Rex
1010 2971 1259 3009 Baldewinus
1293 2976 1443 3009 vastata
1470 2971 1687 3010 Pharamia
1712 2971 1844 3011 dolore
1862 2971 1979 3023 plaqe
2004 2971 2142 3010 veteris
2178 2997 2205 3014 ‚-

226 3022 328 3060 obiit.
361 3047 407 3052 —
440 3026 524 3064 Rex
552 3027 801 3067 Baldewinus
827 3031 1016 3068 secundus
1043 3032 1219 3068 successit
1247 3036 1282 3069 et
1310 3032 1357 3069 de
1384 3033 1553 3069 exercitu
1581 3032 1816 3070 Babilonico.
1855 3052 1902 3058 —
1947 3029 2140 3078 Quomodo

347 3134 358 3154 ¹
393 3136 771 3180 Kapitelnummern
811 3139 892 3174 sind
926 3140 1045 3175 weder
1077 3140 1128 3175 im
1163 3145 1408 3184 vorgesetzten
1444 3142 1672 3177 Verzeichnis
1709 3143 1803 3178 noch
1839 3142 1892 3178 im
1927 3143 2040 3178 Texte
2076 3142 2139 3178 des
2200 3140 2202 3149 '

226 3181 312 3216 Cod.
330 3182 359 3216 K
385 3185 604 3228 angegeben.
