2216 3438
238 184 402 221 Fuloheri
427 184 656 220 Carnolensis
680 183 837 219 Historia
861 182 1194 228 Hierosolymitana.
1222 203 1267 208 —
1293 182 1370 217 Lib.
1389 183 1432 224 ΙΙ,
1459 193 1536 227 cap.
1555 182 1644 224 XIV,
1670 183 1775 217 4-7,
1896 183 1967 217 423

40 295 287 349 praecipue,
328 295 527 348 milesque
565 298 720 348 quama
758 293 920 346 optime,
965 295 1106 346 accipe
1139 292 1247 334 hanc
1293 291 1519 340 scedulam,
1566 305 1695 346 quam
1739 290 1844 334 tibib
1889 294 1965 345 qui
1984 311 2091 338 21101

47 367 221 420 Ioppem
239 365 492 418 inhabitant,
514 366 664 420 reqina
682 364 841 408 scilicet
859 368 898 407 et
918 363 1039 407 urbis
1051 366 1187 418 pauci
1207 364 1350 414 elcese,
1375 377 1458 417 per
1478 377 1542 405 me
1562 362 1743 418 leyatum
1762 362 1967 416 festinum

0 435 3 479 ἐ
47 438 232 481 mittunt.
291 441 330 480 et
359 440 408 480 ut
438 437 575 493 mayis
603 434 782 491 forsand
813 438 1052 490 scripturae
1081 435 1207 478 huic⁰
1238 435 1385 478 credas
1415 449 1542 489 quam
1570 435 1687 485 mihi,
1713 434 1877 488 perleyi
1895 434 1967 488 fac

0 482 15 533 Ι·
45 507 196 553 illam‘.
244 506 313 565 [4]
345 509 554 564 quoniam,
580 522 662 562 pro
693 509 833 552 dolor!
877 522 954 550 rea:
974 506 1375 561 Hierosolymorum,
1406 507 1508 560 quig
1539 509 1684 549 contra
1705 505 1967 560 Babylonios

47 584 86 624 et
113 579 387 624 Ascalonitas
409 595 604 637 puqnam
635 581 852 632 commisit,
883 581 929 622 in
962 590 1184 634 conyressu
1214 575 1417 622 illorumh
1448 579 1633 621 devictus
1662 576 1743 621 veli
1778 579 1966 630 forsitan

47 666 142 696 cum
179 653 273 696 suis
309 639 517 706 omnibus,
561 666 665 708 quos
702 666 841 696 secum
884 651 942 694 ad
984 651 1139 694 bellum
1174 650 1397 704 perduxit,
1439 650 1598 693 occisus
1628 653 1700 693 est.
1758 663 1860 692 nam
1891 651 1966 703 qui

46 724 306 768 calamitatis
335 723 465 768 huius
483 724 701 767 miseriam
722 721 822 767 viaek
842 724 984 775 evasit,
1007 723 1183 776 Ioppem
1201 721 1385 777 fuqiens,
1418 722 1492 765 hoc
1513 722 1631 764 nobis
1652 719 1965 775 deprompsit¹.⁹

45 793 116 852 [ὅ]
146 799 404 851 quapropter
433 797 492 839 ad
521 799 559 839 te
588 798 730 839 virum
759 810 847 839 non
878 795 1187 849 imprudentem
1217 795 1338 837 venio
1357 794 1531 848 leyatus,
1564 807 1684 847 opem
1704 794 1964 847 quaeritans,

8 874 11 875 ’
44 871 92 911 ut
121 870 236 910 omui
265 868 477 911 occasione
506 872 675 921 remota,
708 868 890 911 indilate
909 871 1196 910 succurrerem
1219 866 1375 908 nitaris
1392 866 1538 920 yentin
1559 864 1646 907 Dei
1665 865 1787 907 valde
1808 868 1966 908 anxiae

46 941 126 991 et0,
158 942 205 982 ut
233 953 341 991 reor,
373 943 506 982 metae
535 940 645 982 vitae
677 942 761 982 iam
796 939 1062 994 proximaev.
1139 936 1207 993 [6]
1247 939 1358 981 hocq
1398 938 1517 980 dixit.
1592 938 1682 980 iller
1723 937 1964 980 obaudiens

44 1015 300 1066 parumper⁸
330 1008 502 1054 siluit.¹⁰
561 1012 639 1054 sed
671 1025 770 1054 cum
800 1010 904 1054 hoc‘
935 1024 1086 1054 verum
1116 1023 1212 1053 esse
1244 1010 1437 1052 erederet
1469 1009 1587 1064 quod
1610 1009 1823 1059 audierat,
1857 1023 1962 1064 prae

45 1083 202 1138 grandi
239 1083 411 1126 tristitia
446 1086 490 1126 et
520 1084 669 1126 dolore
699 1086 790 1126 tam
821 1083 913 1138 ipse
946 1097 1079 1138 quam
1110 1095 1262 1125 omnes
1294 1081 1379 1132 alii,
1413 1081 1487 1136 qui
1519 1081 1715 1132 aderant,
1748 1081 1964 1130 lacrimari

43 1154 144 1210 pie¹¹
173 1156 421 1210 coeperunt.
473 1157 517 1198 et
546 1155 828 1210 responsione
857 1155 1002 1209 legato
1034 1155 1162 1206 facta,
1195 1154 1338 1196 iussus
1369 1157 1435 1196 est
1466 1154 1558 1196 fieri
1580 1150 1866 1208 apparatus¹¹
1886 1167 1966 1208 per

42 1226 180 1269 totam
211 1227 375 1269 terram
405 1239 532 1269 suam
564 1227 620 1269 ad
653 1226 991 1269 succurrendum
1022 1226 1466 1281 Hierosolymitanisv.
1531 1223 1599 1280 [7]
1632 1228 1675 1268 et
1707 1238 1805 1267 cum
1837 1225 1963 1267 iamw

42 1296 185 1352 parati
227 1299 373 1340 essent
415 1298 472 1340 ad
512 1298 647 1340 illudx
690 1297 770 1340 iter
810 1298 1042 1352 agendum,
1085 1311 1183 1340 ecce
1229 1297 1374 1340 subito
1423 1297 1567 1340 venity
1613 1297 1910 1351 brevigerulus
1927 1294 1961 1319 ¹²

162 1419 182 1440 ⁸
207 1423 280 1449 om.
305 1425 414 1458 quam
447 1416 702 1458 Anrcmonss.
743 1435 787 1440 —
827 1414 847 1441 b
875 1415 940 1449 tibi
972 1417 1101 1459 reyina
1132 1419 1163 1449 et
1189 1426 1254 1449 on.
1293 1435 1339 1440 —
1377 1420 1394 1441 0
1413 1425 1485 1449 om.
1510 1417 1638 1458 regina
1663 1426 1710 1450 sc.
1736 1419 1768 1448 et
1791 1426 1827 1449 u.
1850 1417 1965 1459 pauci

44 1463 134 1496 cives
157 1463 386 1506 Autolonss.
429 1480 469 1487 —
507 1461 528 1489 d
547 1462 707 1506 forsitan
730 1473 796 1497 nx.
837 1482 879 1487 —
917 1468 936 1490 θ
960 1462 1045 1497 huic
1076 1463 1256 1506 siyillatae
1281 1464 1598 1505 Aenremxouss.
1636 1481 1684 1486 —
1722 1461 1738 1488 f
1759 1473 1836 1496 eam
1862 1463 1961 1505 Εδμ;

37 1509 182 1555 perleye
203 1509 307 1544 illam
331 1511 556 1553 ΑΒι-οιοιιβ.
583 1529 628 1534 -
653 1516 674 1543 8
691 1511 902 1545 Balduinus
919 1512 983 1555 qui
997 1512 1252 1553 ABFGIKORB.
1282 1529 1322 1535 —
1350 1509 1372 1536 h
1391 1521 1513 1545 eorum
1531 1521 1553 1544 1.
1583 1529 1623 1535 —
1651 1509 1713 1544 iet
1730 1511 1961 1553 ABFGIORB.

42 1575 89 1582 —
112 1555 136 1584 k
154 1567 227 1592 om.
251 1558 316 1592 vix
337 1559 566 1601 Auroronss.
593 1577 635 1582 —
663 1557 676 1584 1
693 1559 904 1602 depromisit
928 1560 990 1601 RB.
1021 1576 1052 1582 -
1087 1564 1120 1584 1¹1
1146 1569 1324 1602 quaerens
1346 1562 1388 1592 ut
1411 1562 1551 1602 sumpto
1577 1558 1725 1592 consilio
1738 1569 1963 1602 perpropere

34 1615 255 1640 reticem-rere
276 1607 503 1649 ΑΒιναιοιιβ.
530 1626 575 1632 -
600 1612 621 1632 ¹¹
638 1607 756 1650 yentis
779 1616 814 1640 n.
840 1626 886 1631 --
918 1611 937 1632 0
959 1610 991 1640 et
1015 1605 1134 1640 adhuc
1158 1608 1368 1649 ABraonss.
1403 1623 1450 1630 —
1477 1612 1497 1639 p
1515 1605 1597 1640 add.
1622 1607 1664 1639 in
1690 1606 1744 1649 [et,
1771 1616 1842 1640 om.
1870 1607 1911 1639 in
1935 1606 1958 1649 ι]

35 1652 226 1688 ⁴,Palatina
250 1651 457 1696 [Palestinei
478 1653 502 1697 ι]
525 1653 727 1698 plebeculae
750 1655 939 1698 superstiti
961 1655 1187 1696 Aurolonss.
1226 1672 1267 1678 —-
1302 1659 1322 1686 q
1348 1653 1414 1688 hoc
1444 1657 1562 1688 autem
1594 1655 1686 1696 enss.
1722 1672 1766 1678 —
1801 1660 1818 1680 ¹·
1843 1658 1874 1687 et
1899 1653 1960 1687 ille

41 1701 272 1744 Ληῑοιοῐιβ.
297 1721 343 1727 -
367 1706 384 1727 ⁸
405 1711 489 1735 mox
508 1711 646 1745 parum
670 1702 907 1743 Aur-mon&
937 1712 1074 1745 parum
1098 1711 1192 1735 nux.
1228 1721 1274 1727 ——
1308 1703 1321 1727 t
1346 1711 1418 1736 om.
1445 1701 1511 1736 hoc
1535 1702 1646 1744 omss.
1683 1721 1728 1727 —
1762 1707 1783 1727 ¹1
1804 1712 1876 1736 om.
1902 1703 1961 1745 pie

59 1749 151 1791 οιιβ.
185 1767 228 1773 -
258 1753 280 1775 V
295 1748 378 1792 fieri
401 1753 556 1792 paratus
580 1750 629 1783 ad
653 1750 934 1783 succurrendum
959 1750 1137 1784 anxietati
1162 1747 1455 1784 Christianorum
1480 1751 1714 1792 ΑΒΡοιοηβ.
1751 1769 1796 1774 -
1833 1754 1862 1776 W
1887 1759 1958 1783 om.

38 1805 117 1830 ‘m
141 1806 164 1831 1.
189 1814 236 1821 —
259 1801 372 1832 xom.
397 1796 494 1831 illud
516 1798 745 1840 sermone.
771 1817 816 1823 —-
842 1803 862 1829 y
882 1806 954 1831 om.
980 1799 1073 1830 venit
1097 1798 1330 1840 Ani-otone.

49 1914 212 1964 wtiert,
240 1916 379 1956 dessen
394 1915 658 1968 Mitteilungen
679 1930 721 1956 er
735 1917 948 1967 (Tankred)
976 1931 1051 1956 nur
1080 1917 1255 1957 Glauben
1283 1917 1481 1956 sehenken
1514 1921 1637 1968 moge,
1673 1915 1759 1956 weil
1787 1929 1828 1956 er
1855 1915 1960 1956 diese

0 1993 1 1998 ¹
47 2020 50 2022 ,
91 1974 140 2014 ch
159 1973 370 2015 schriftlich
390 1976 446 2016 als
461 1989 535 2016 von
553 1977 621 2016 der
634 1975 801 2028 Konigin
818 1978 899 2017 und
914 1979 989 2018 den
1010 1978 1184 2028 Biirgern
1204 1977 1347 2028 Joppes
1360 1977 1585 2028 ausgehend
1600 1976 1681 2016 ihm
1696 1975 1956 2027 [iberbringen

38 2059 44 2072 2
77 2047 186 2076 mne.
215 2034 292 2075 Der
307 2034 563 2087 Empfohlene
578 2036 626 2076 ist
639 2036 731 2076 aber
745 2036 915 2089 zugleich
933 2038 1031 2077 auch
1048 2038 1116 2076 der
1130 2037 1184 2076 im
1200 2036 1412 2076 Schreiben
1429 2037 1509 2076 sich
1525 2036 1646 2076 selbst
1660 2036 1958 2088 Empfehlende;

46 2093 146 2135 “ose
175 2093 412 2134 sonderbar'e
439 2094 514 2136 Art
540 2095 721 2147 empfand
750 2098 848 2136 auch
878 2098 981 2137 Bart.
999 2099 1078 2137 530
1092 2098 1137 2145 D,
1167 2097 1339 2137 weshalb
1368 2110 1409 2136 er
1437 2096 1498 2136 die
1525 2096 1662 2135 Worte
1690 2109 1769 2147 per
1797 2108 1867 2135 me
1894 2097 1959 2135 le-

50 2159 206 2200 ntum
233 2153 457 2194 festinum
486 2155 566 2194 und
595 2160 637 2194 et
665 2161 712 2195 ut
743 2179 789 2184 —
820 2156 891 2196 fac
919 2157 1046 2196 illam
1074 2157 1334 2208 weggelassen
1370 2157 1451 2195 und
1490 2157 1565 2195 den
1609 2155 1957 2206 Sehlufigedanken

42 2218 96 2255 <fra
152 2212 422 2266 Hill'eleislung
462 2214 579 2254 dahin
621 2215 812 2255 erweitert
852 2217 933 2265 hat,
971 2216 1151 2256 Tankred
1192 2221 1306 2267 moge
1347 2228 1462 2255 wenn
1505 2215 1614 2254 nicht
1654 2216 1722 2255 der
1751 2215 1955 2255 Bittenden

46 2305 48 2309 .
79 2285 176 2326 egen
204 2285 250 2313 so
276 2273 375 2313 doch
404 2286 471 2313 um
499 2274 567 2314 des
585 2275 625 2314 h.
646 2275 793 2315 Grabes
822 2277 903 2315 und
922 2276 989 2315 der
1009 2275 1121 2315 Stadt
1145 2276 1359 2315 Jerusalem
1388 2275 1515 2314 willen
1544 2275 1615 2314 mit
1642 2275 1708 2314 der
1730 2275 1831 2314 Hilfe
1851 2275 1958 2314 nieht

57 2345 196 2379 2·=;ern.
251 2332 320 2373 Die
348 2325 561 2385 Anderung
598 2335 779 2386 perlegi
820 2335 892 2375 fac
926 2335 1057 2375 illam
1096 2336 1164 2375 hat
1192 2336 1260 2375 Fu.
1292 2335 1394 2375 wohl
1423 2335 1484 2375 fur
1513 2334 1619 2386 notig
1646 2336 1829 2382 erachtet,
1871 2334 1956 2374 weil

55 2412 72 2427 Δ.
92 2412 125 2428 2·
158 2393 202 2445 ja
227 2391 335 2433 nicht
362 2406 438 2432 nur
474 2394 667 2442 Tankred,
705 2395 875 2434 sondern
913 2395 1011 2435 auch
1051 2396 1190 2434 dessen
1218 2395 1490 2446 Untergebene
1527 2395 1775 2434 veranlassen
1816 2396 1956 2443 wollte,

54 2459 71 2487 ἐι
91 2470 94 2475 ·
129 2452 317 2504 Notlage
307 2466 360 2492 lm
375 2453 718 2506 Jerusalemischen
739 2454 970 2506 Konigreich
991 2468 1037 2494 zu
1058 2455 1257 2503 erfahren3
1287 2454 1348 2494 die
1375 2454 1512 2494 Worte
1541 2459 1727 2505 sumpto
1755 2455 1957 2494 consilio

68 2535 73 2545 ·
101 2513 124 2560 ἕ
142 2514 168 2552 5
186 2511 336 2560 seheint
355 2513 424 2552 Fu.
444 2513 502 2553 als
521 2513 634 2553 einen
655 2513 910 2554 unhiiflichen
931 2515 1012 2554 und
1032 2514 1313 2554 unziemlichen
1334 2514 1497 2565 Eingriff
1512 2514 1551 2553 in
1581 2514 1642 2553 die
1670 2527 1744 2553 von
1774 2514 1956 2554 Tankred

67 2591 83 2605 ἶι
143 2572 367 2612 ordnenden
387 2572 650 2613 Massnahmen
672 2573 884 2613 betrachtet
903 2587 949 2613 zu
969 2574 1110 2622 haben,
1140 2574 1312 2614 weshalb
1333 2574 1388 2614 sie
1407 2573 1448 2612 in
1467 2575 1536 2613 der
1555 2575 1591 2613 2.
1614 2574 1708 2613 Red.
1738 2573 1955 2624 gestrichen

137 2643 225 2679 en3
253 2630 315 2671 die
333 2631 469 2672 Worte
487 2631 536 2671 in
556 2632 827 2672 Palaestina
846 2634 1119 2684 plebeculae
1139 2634 1391 2685 superstiti
1418 2635 1485 2673 hat
1506 2646 1546 2673 er
1566 2634 1839 2684 weggelassen,
1870 2633 1953 2673 weil

71 2687 115 2730 it
140 2690 269 2742 genti
295 2690 374 2730 Dei
403 2691 525 2730 sehon
563 2692 738 2731 dasselbe
765 2697 896 2743 gesagt
924 2693 972 2733 ist
1010 2694 1091 2732 und
1127 2694 1195 2733 der
1223 2693 1323 2732 oben
1353 2693 1393 2732 in
1423 2695 1487 2740 §3
1517 2693 1717 2744 gemachte
1745 2693 1884 2731 Zusatz
1913 2698 1955 2732 et

76 2747 175 2789 rbis
202 2750 336 2801 pauci
363 2750 488 2790 cives
516 2752 591 2790 den
620 2751 775 2802 notigen
796 2752 1011 2792 Aufschlua
1031 2752 1111 2804 gibt
1140 2753 1235 2792 iiber
1263 2752 1324 2792 die
1352 2753 1445 2792 Zahl
1475 2753 1543 2791 der
1570 2751 1718 2791 damals
1747 2751 1785 2790 in
1815 2752 1955 2802 grosser

67 2822 71 2828 ’
88 2807 330 2859 bensgefahr
349 2810 611 2859 gestandenen
632 2811 823 2851 Franken.
879 2812 987 2851 Eben
1007 2811 1111 2852 diese
1130 2805 1394 2863 Ilnderungen
1415 2812 1453 2851 in
1475 2813 1542 2850 der
1563 2813 1598 2850 2.
1620 2811 1715 2850 Red.
1746 2811 1953 2859 beweisen‚

105 2875 112 2897 ἑ
149 2867 218 2907 Fu.
247 2867 356 2908 nicht
382 2868 557 2908 wortlich
586 2871 660 2909 den
690 2871 816 2910 Inhalt
845 2872 913 2911 des
941 2871 1175 2911 Schreibens
1218 2871 1531 2922 wiedergegeben
1561 2871 1640 2909 und
1669 2884 1710 2909 es
1739 2870 1820 2909 ihm
1850 2871 1953 2910 wohl

72 2943 94 2967 ,==
115 2925 141 2965 h
169 2926 232 2966 nie
251 2928 475 2978 vorgelegen
495 2929 574 2968 hat.
598 2951 644 2956 —
673 2932 697 2968 9
716 2930 1009 2982 deprompsit
1037 2931 1137 2970 nach
1158 2931 1274 2970 Barth
1297 2932 1392 2970 335:
1429 2943 1582 2978 „verum
1604 2943 1688 2969 esse
1708 2930 1951 2981 spopondit“.

80 2999 93 3001 ⁴·
123 2987 171 3025 10
198 2987 281 3034 §62
321 2987 452 3027 GroBe
485 2989 730 3040 Trauriykeit
756 2992 838 3028 und
874 2991 1146 3042 Verbereituny
1181 2991 1380 3030 Tankreds
1405 3004 1479 3029 zur
1514 2990 1798 3041 Hilf'eleistunq.
1832 3011 1876 3016 —
1907 2993 1951 3028 11

70 3052 86 3065 ·’
103 3056 164 3096 pp
178 3050 372 3085 aratus
402 3047 533 3086 omnia
560 3053 693 3098 parata
720 3054 762 3087 ut
789 3048 867 3088 sint
894 3049 1075 3089 edicitur“
1109 3048 1244 3100 (Barth
1264 3051 1372 3099 335).
1396 3071 1442 3077 —
1473 3052 1518 3088 12
1546 3050 1632 3096 §72
1674 3049 1952 3088 Wa‘hrenddem

76 3108 78 3111 ’
107 3128 109 3132 ,
196 3107 258 3144 ein
286 3107 454 3144 anderer
481 3107 576 3146 Bote
601 3109 686 3146 dem
723 3108 903 3147 Tankred
939 3111 1003 3148 die
1039 3110 1263 3156 Nachricht,
1301 3110 1382 3148 dass
1417 3110 1591 3147 Balduin
1628 3109 1723 3147 noch
1760 3108 1836 3146 lebe
1870 3110 1952 3147 und

102 3191 106 3195 Δ
162 3165 225 3203 die
243 3165 465 3204 Sarazenen
492 3168 602 3205 einen
623 3168 862 3218 ρῑᾶηεεηᾶεη
877 3168 964 3219 Siey
986 3182 1176 3219 errunyen
1203 3170 1305 3207 habe.
1327 3190 1377 3194 --
1399 3167 1747 3218 brevigerulus,
1776 3167 1812 3206 d.
1834 3166 1857 3206 i.
1887 3167 1950 3206 ein

28 3247 29 3252 =
79 3239 87 3267 ς
126 3220 204 3262 ι’ῐοι·
234 3222 419 3272 brevium,
449 3223 509 3265 ein
530 3224 770 3276 Brieftrager.
818 3226 936 3267 Barth
955 3228 1052 3267 335:
1087 3227 1342 3275 „tabellarius,
1367 3226 1602 3278 epistolaris“
1611 3258 1619 3267 .
1653 3251 1699 3255 —
1731 3227 1882 3275 scida,
1912 3227 1948 3266 d.
