2216 3438
230 184 297 217 738
367 183 529 218 Fulclieri
557 184 787 219 Carnotensis
811 184 970 219 Historia
994 184 1333 229 Hierosolymitana.
1360 206 1405 211 —
1430 186 1508 221 Lib.
1526 186 1589 231 ΙΙΙ,
1612 197 1690 232 cap.
1707 186 1862 229 XXXIV,
1888 188 1921 222 9.
1952 187 2004 222 10.

105 302 206 330 &112⁴
227 293 485 342 flaminem&
529 293 768 335 secundum
809 295 983 347 patrum
1023 291 1383 336 institutionem²4
1420 292 1627 337 habebitb
1656 295 1887 349 primatem
1917 296 1985 338 vel
2015 299 2148 351 patri-

229 365 406 406 archam
429 365 471 405 in
494 365 589 418 lege
612 365 867 412 christiana;
891 365 964 406 ubi
987 365 1101 407 enim
1125 365 1444 407 archiflamines
1461 369 1598 416 erant,
1621 366 2149 421 archiepiscopi⁰Christi-
2212 392 2216 426 j

229 449 411 478 anorum
444 438 546 477 sunt
576 436 772 486 instituti,
807 437 880 490 qui
902 436 1081 490 singulis
1102 437 1335 491 provinciis
1356 435 1592 492 praesintd.
1640 435 1708 493 [9]
1732 439 1831 480 ubi⁰
1851 436 2149 492 metropolis²⁵
2210 431 2216 494 1

229 505 353 558 erat&
388 521 501 562 quae
533 507 843 562 interpretatur
873 512 1007 549 mater
1029 508 1190 558 civitas,
1223 509 1543 563 metropolitani
1566 512 1703 558 erant,
1737 509 1811 564 qui
1837 510 1892 552 de
1913 510 2051 552 tribus
2073 514 2148 552 aut
2212 498 2216 523 ²

228 581 416 633 quatuor
456 578 702 620 civitatibus
739 579 854 621 intra
891 579 1084 633 aliquam
1116 580 1384 633 provinciam
1415 581 1543 622 matri
1575 583 1620 623 et
1649 580 1803 623 maiori
1834 581 2015 623 aliarum
2047 581 2149 623 civi-

226 653 395 692 tatumg
435 649 756 703 praesidebant.
820 646 918 704 [10]
950 650 1024 692 ubi
1069 653 1215 692 autem
1252 651 1442 693 minores
1481 651 1676 694 civitates
1707 651 1956 695 habuerunt
1985 653 2147 695 solum·
2214 641 2216 652 ε

227 721 358 763 modo
390 722 588 763 flamines
619 721 687 763 vel
720 721 911 772 comites,
943 721 1135 776 episcopi
1167 725 1270 764 sunt
1299 722 1494 765 instituti.
1547 736 1678 777 porro
1707 723 1870 766 tribuni
1900 723 2038 778 plebis
2060 737 2148 766 non

229 793 417 835 absurde
476 793 773 846 intelliguntur
784 790 820 815 ²⁶
879 793 1121 848 presbyteri
1168 794 1258 835 sive
1310 794 1463 848 reliqui
1516 794 1727 837 inferioris
1777 795 1941 837 ordinis
1992 795 2145 837 clerici.

347 915 367 935 a
380 921 432 954 pr
434 910 714 953 imiflccmminem
753 911 806 944 vel
843 910 1166 953 archiflamminem
1191 912 1289 952 rnss,
1327 909 1385 944 hic
1411 913 1446 944 et
1470 910 1581 952 iufra3
1626 921 1699 945 om.
1724 913 1777 946 tel
1807 911 2093 953 archiflaminem
2124 923 2147 947 1.

226 978 271 982 —-
298 957 318 981 ¹
337 957 440 991 habet
464 968 562 991 nunc
587 968 608 991 1.
639 977 679 981 —
706 963 723 983 c
742 960 782 991 in
808 958 880 1001 leye
905 957 985 991 add.
1013 959 1075 999 δμ.
1107 977 1146 981 -
1173 956 1193 983 d
1211 963 1389 1002 praesunt
1416 969 1436 992 1.
1464 979 1508 984 -
1534 965 1552 985 ⁰
1570 938 1633 993 iabi
1656 969 1738 993 vero
1763 970 1785 994 1.
1817 980 1863 985 —
1899 958 2013 994 fdees
2015 962 2030 992 t
2054 969 2147 993 ΑΒο.

227 1024 262 1030 -
297 1011 317 1037 g
336 1007 471 1039 civitati
495 1006 559 1047 δμ.

224 1136 326 1179 habe
355 1135 434 1174 51611
466 1135 527 1174 (116
556 1135 774 1186 Episkopal·
811 1136 889 1174 und
920 1135 1422 1187 Metropolitanverfassung
1451 1137 1518 1175 der
1547 1135 1688 1175 Kirche
1716 1135 1948 1185 entwickelt,
1976 1151 2058 1177 was
2077 1139 2145 1178 Fu.

225 1195 309 1234 hier
350 1197 419 1235 mit
461 1195 588 1234 5611161·
618 1195 842 1246 Darlegung
884 1195 1070 1234 erweisen
1112 1195 1200 1234 will.
1257 1195 1441 1235 Offenbar
1483 1195 1632 1235 bezieht
1672 1195 1755 1235 sich
1784 1196 1854 1236 Fu.
1890 1195 2045 1237 hiermit
2083 1199 2152 1238 auf

224 1255 344 1305 Epist.
375 1254 585 1294 Clementis
623 1254 746 1305 prima
783 1268 815 1294 6.
841 1255 995 1294 XXVIII
1024 1255 1105 1294 und
1133 1255 1254 1294 XXIX
1300 1254 1378 1303 (bei
1425 1254 1651 1303 Hinschius,
1693 1255 1842 1295 Decret.
1879 1255 2148 1306 Pseudo-isid„

225 1328 262 1365 p.
283 1315 369 1362 39):
404 1314 465 1362 „in
495 1314 567 1353 illis
597 1327 687 1353 vero
715 1314 943 1361 civitatibus,
984 1314 1024 1353 in
1054 1314 1195 1365 quibus
1232 1313 1324 1353 olim
1352 1315 1476 1366 apud
1505 1314 1727 1355 ethnicos
1755 1315 1897 1366 primi
1925 1316 2146 1357 flamines

225 1386 359 1412 eorum
398 1379 512 1424 atque
554 1374 667 1424 primi
708 1374 802 1424 legis
840 1374 1016 1413 doctores
1057 1379 1180 1421 erant,
1224 1373 1494 1425 episcoporum
1533 1373 1766 1425 primates
1795 1375 1909 1426 poni
1950 1376 2026 1415 vel
2069 1389 2146 1428 pa-

225 1432 491 1480 triarchas3
532 1434 596 1484 qui
627 1433 863 1484 reliquorum
905 1435 1174 1484 episcoporum
1216 1433 1353 1472 iudicia
1387 1439 1424 1473 et
1465 1434 1614 1473 maiora
1642 1433 1822 1484 quotiens
1851 1447 2010 1475 necesse
2049 1436 2147 1483 foret

224 1493 380 1542 negotia
408 1492 446 1531 in
479 1494 553 1532 fide
580 1492 769 1544 agitarent
798 1525 806 1532 .
839 1525 846 1532 .
879 1525 887 1532 .
918 1493 957 1532 in
987 1492 1060 1532 illis
1088 1498 1219 1532 autem
1247 1492 1476 1541 civitatibus,
1505 1493 1544 1532 in
1574 1492 1716 1543 quibus
1743 1494 1891 1534 dudum
1919 1495 2022 1546 apud
2040 1508 2147 1547 prae-

225 1552 346 1591 dictos
374 1558 484 1592 erant
513 1553 689 1592 ethnicos
718 1566 854 1592 eorum
884 1552 1279 1599 archiflamines,
1315 1565 1413 1603 quos
1442 1557 1572 1592 tamen
1601 1551 1774 1592 minores
1809 1553 1994 1594 tenebant
2027 1567 2146 1605 quam
2215 1542 2216 1567 ³

224 1618 459 1651 memoratos
487 1612 680 1663 primates,
711 1611 1102 1663 archiepiscopos
1132 1611 1325 1651 institui
1352 1612 1557 1663 praecepit,
1589 1612 1754 1662 quinon
1773 1617 1905 1652 tamen
1923 1613 2147 1664 primatum,

224 1672 291 1711 sed
311 1671 686 1723 archiepiscoporum
702 1673 922 1711 fruerentur
936 1671 1130 1711 nomine.“
1147 1694 1191 1698 —
1210 1673 1257 1710 24
1277 1671 1541 1711 secundum
1562 1676 1752 1723 patrum
1770 1671 2147 1713 institutionem:

224 1732 299 1770 da&
334 1732 417 1778 „die
444 1733 694 1782 Anordnung
722 1732 789 1771 der
810 1732 945 1771 Vater“
979 1732 1071 1771 aber
1101 1731 1159 1770 bis
1187 1731 1248 1770 ins
1276 1731 1534 1782 apostolische
1551 1731 1730 1771 Zeitalter
1748 1732 2048 1782 zuriickdatiere‚
2076 1732 2150 1773 wie

225 1792 292 1830 Fu.
325 1793 423 1831 nach
454 1794 475 1839 g
500 1793 541 1830 11
584 1805 875 1842 angenommen
914 1804 960 1830 zu
997 1791 1127 1830 haben
1166 1790 1330 1839 scheint‚
1366 1791 1415 1830 ist
1451 1791 1560 1830 nicht
1596 1791 1744 1846 richtig.
1801 1791 1853 1831 Es
1887 1791 1938 1831 ist
1964 1791 2148 1844 ubrigens

224 1851 615 1899 selbstverstandlich,
646 1852 721 1891 dass
750 1856 829 1890 erst
857 1850 926 1890 mit
955 1851 1045 1889 dem
1074 1849 1305 1889 Wachstum
1335 1851 1403 1889 der
1430 1850 1571 1890 Kirche
1598 1850 1700 1890 auch
1727 1850 1846 1890 deren
1874 1850 2147 1891 Institutionen

224 1910 305 1949 sich
336 1911 467 1950 weiter
496 1912 667 1950 entfaltet
695 1911 837 1950 haben.
893 1909 1113 1949 Auffallend
1133 1910 1226 1949 31161
1254 1909 1303 1949 ist
1331 1923 1373 1949 es
1393 1909 1614 1958 immerhin,
1644 1909 1720 1949 dafi
1738 1910 1809 1950 Fu.
1829 1909 1891 1950 die
1909 1909 2146 1951 kirchlichen

225 1970 531 2021 Einrichtungen
561 1971 599 2009 in
629 1984 783 2021 genaue
811 1969 996 2009 Parallele
1025 1974 1120 2008 setzt
1147 1968 1219 2008 mit
1259 1970 1386 2009 denen
1425 1970 1492 2009 des
1521 1968 1742 2009 romischen
1772 1969 2038 2010 Staatslebens
2065 1971 2147 2010 und

219 2030 323 2080 jene,
362 2029 505 2070 wiees
534 2030 697 2078 scheint,
735 2029 849 2069 allein
879 2042 953 2068 von
983 2028 1115 2068 diesen
1143 2027 1310 2067 ableitet.
1367 2029 1656 2080 Veranlassung
1692 2041 1739 2068 zu
1781 2028 1908 2068 dieser
1933 2029 2147 2070 Annahme

225 2090 352 2139 gabe-n
389 2090 470 2129 ihm
508 2090 630 2129 aufier
664 2090 739 2128 den
774 2088 913 2128 vorhin
952 2087 991 2126 in
1021 2088 1087 2127 Nr.
1109 2088 1161 2127 23
1190 2088 1445 2137 angeffihrten
1475 2088 1638 2127 Worten
1667 2101 1738 2128 aus
1766 2089 1855 2127 dem
1886 2090 1920 2128 1.
1950 2089 2147 2129 Clemens·

226 2150 343 2188 briefe
371 2150 470 2188 auch
501 2150 562 2189 die
589 2149 707 2200 Epist.
737 2148 913 2188 Anacleti
951 2148 1121 2187 secunda
1149 2160 1180 2186 6.
1202 2147 1322 2186 XXVI
1362 2147 1591 2195 (Hinschius
1622 2148 1706 2196 79):
1749 2147 1990 2198 „provinciae
2016 2153 2148 2188 autem

225 2209 347 2248 multo
389 2215 479 2248 ante
508 2208 651 2248 Christi
688 2209 897 2248 adventum
936 2212 1110 2257 tempore
1150 2207 1269 2246 divise
1309 2212 1402 2246 sunt
1438 2207 1609 2246 maxima
1646 2220 1694 2246 ex
1734 2211 1843 2258 parte
1871 2212 1909 2247 et
1935 2211 2071 2258 postea
2097 2208 2147 2247 ab

223 2269 406 2318 apostolis
447 2273 485 2307 et
527 2269 640 2307 beato
668 2268 866 2308 Clemente
905 2268 1201 2317 praedecessore
1243 2267 1377 2305 nostro
1419 2266 1503 2317 ipsa
1543 2266 1678 2306 divisio
1718 2271 1777 2306 est
1805 2271 1999 2314 renovata,
2041 2266 2147 2306 etin

224 2327 346 2378 capite
386 2328 690 2378 provinciarum,
733 2327 800 2366 ubi
840 2327 988 2365 dudum
1032 2324 1214 2376 primates
1255 2325 1358 2376 leges
1400 2331 1510 2365 erant
1549 2325 1691 2365 saeculi
1725 2339 1771 2365 ac
1799 2326 1923 2377 prima
1950 2325 2147 2366 iudiciaria
2176 2369 2183 2373 ,

224 2393 332 2453 potes
336 2393 393 2429 tas
422 2393 493 2427 etc.
523 2392 594 2428 etc.
625 2419 634 2427 .
707 2387 818 2426 ,1166
858 2386 906 2425 ab
947 2385 1128 2435 antiquis,
1157 2385 1230 2424 hec
1258 2386 1307 2424 ab
1337 2385 1534 2436 apostolis,
1562 2386 1635 2425 1166
1663 2399 1686 2425 3
1713 2385 1858 2425 sanctis
1886 2385 2060 2437 patribus
2087 2398 2146 2425 ac·
2174 2392 2189 2421 .-'‘

226 2446 433 2497 cepimusf
495 2447 690 2486 Ebenfalls
718 2446 779 2485 die
807 2445 926 2497 Epist
958 2445 1146 2496 Stephani
1175 2446 1346 2484 secunda
1373 2458 1405 2484 6.
1427 2445 1476 2484 IX
1507 2444 1736 2493 (Hinschius
1760 2445 1870 2494 185):
1893 2443 2012 2494 „nulli
2040 2457 2150 2484 emm

225 2507 600 2557 metropolitani
634 2511 702 2546 aut
739 2505 830 2545 alii
844 2504 1013 2556 episcopi
1040 2505 1283 2555 appellantur
1311 2504 1564 2555 primates,
1593 2504 1673 2543 nisi
1697 2504 1739 2544 hi
1767 2504 1833 2555 qui
1861 2504 2007 2555 primas
2034 2443 2187 2612 sedes}

227 2570 359 2604 tenent
399 2571 436 2605 et
479 2579 643 2616 quorum
687 2565 857 2604 civitates
898 2563 1047 2614 antiqui
1090 2564 1271 2614 primates
1314 2577 1399 2603 6556
1440 2568 1688 2603 censuerunt.
1750 2563 1887 2614 reliqui
1938 2576 2039 2612 vero,
2081 2576 2148 2614 qui
2170 2614 2182 2619 -

230 2630 375 2664 ceteras
430 2625 837 2676 metropolitanas
893 2623 1114 2663 civitates
1171 2623 1297 2674 adepti
1345 2628 1448 2671 sunt,
1504 2636 1599 2662 non
1654 2623 1901 2674 primates,
1956 2623 2025 2662 sed
2078 2626 2145 2662 aut
2168 2623 2182 2651 ἱ

228 2684 590 2736 archiepiscopi
619 2691 686 2724 aut
713 2683 1073 2735 metropolitani
1102 2687 1298 2722 vocentur.
1328 2681 1459 2733 [urbes
1487 2682 1592 2722 enim
1620 2686 1658 2722 et
1677 2682 1774 2730 loca,
1804 2682 1944 2732 quibus
1963 2681 2146 2732 primates

227 2744 444 2793 praesidere
485 2745 646 2792 debent,
688 2757 768 2784 non
809 2742 1025 2790 modernis,
1067 2743 1134 2781 sed
1173 2742 1289 2781 etiam
1330 2742 1462 2781 multis
1501 2747 1593 2781 ante
1621 2742 1835 2781 adventum
1864 2740 2006 2780 Christi
2053 2745 2165 2780 sunt*

226 2809 364 2842 statute
407 2803 658 2854 temporibus,
701 2816 866 2853 quarum
907 2802 1090 2853 primates
1133 2802 1248 2840 etiam
1290 2801 1450 2852 gentiles
1491 2815 1561 2851 pro
1589 2800 1801 2840 maioribus
1827 2799 1992 2851 negotiis
2019 2799 2145 2851 appe}-

225 2863 392 2902 labantf‘
428 2885 475 2891 —
507 2866 554 2902 25
582 2863 908 2913 metropolis:
937 2865 1090 2900 mater
1118 2860 1317 2899 civitas.
1362 2860 1581 2899 Forcellini:
1616 2859 2181 2908 ,,61171135111(1.ῐι·111,111·1)5,6Σ·,ι

227 2935 301 2971 qua
345 2923 516 2961 coloniae
554 2924 739 2962 deductae
773 2927 885 2960 sunt:
924 2935 947 2960 a
984 2925 1115 2969 μήτηρ,
1155 2924 1291 2969 mater,
1321 2925 1357 2959 et
1384 2926 1501 2967 πόλις,
1539 2920 1646 2967 urbs,
1684 2918 1794 2969 quasi
1829 2924 1952 2958 mater
1989 2918 2146 2959 urbium

228 2981 401 3028 aliarum,
441 2981 529 3032 quia
558 2982 612 3020 sic
641 2995 682 3020 se
710 2982 827 3020 habet
856 2979 1080 3030 metropolis
1109 2980 1157 3018 ad
1186 2978 1379 3018 coloniam
1407 2984 1450 3017 ut
1478 2984 1617 3018 mater
1636 2979 1686 3018 ad
1713 2977 1870 3017 filiam&
1900 2999 1946 3005 —
1969 2980 2019 3016 2⁶
2045 2988 2147 3017 non

228 3041 448 3079 absurde
476 3041 858 3092 intelliguntur:
901 3053 943 3078 es
971 3038 1164 3078 erscheint
1193 3038 1281 3076 dem
1310 3039 1380 3077 Fu.
1409 3039 1477 3077 der
1505 3037 1704 3088 Vergleich
1742 3036 1936 3076 zwischen
1963 3036 2142 3076 Volks

226 3099 396 3137 tribun
426 3101 506 3138 und
534 3099 765 3139 Priester
806 3099 967 3138 deshalb
1010 3098 1118 3137 nicht
1154 3096 1385 3147 ungereimt‚
1419 3097 1508 3136 weil
1542 3110 1584 3136 er
1618 3096 1738 3136 beide
1757 3095 1814 3135 als
1842 3094 1932 3135 dem
1960 3094 2144 3134 niederen

225 3158 344 3196 Volke
373 3172 436 3197 am
465 3160 654 3198 nachsten
683 3160 847 3198 stehend
874 3160 956 3197 und
984 3158 1045 3196 fur
1073 3158 1211 3196 dessen
1224 3157 1417 3195 Vertreter
1444 3156 1611 3204 ansieht,
1639 3156 1699 3195 (116
1727 3154 1900 3194 in·ihrer
1917 3153 2155 3207 Α1111513ῐ13;

225 3218 312 3265 keit,
339 3219 428 3269 jene
455 3220 593 3258 dessen
608 3219 754 3258 Rechte
781 3231 907 3268 gegen
937 3217 998 3256 die
1025 3215 1218 3263 Patrizie1·‚
1249 3215 1309 3254 die
1337 3215 1503 3254 Priester
1531 3228 1656 3265 gegen
1686 3214 1748 3253 die
1775 3212 2173 3278 Gewalttatigkeiteng
