2216 3438
246 157 324 192 VIII

246 300 332 345 Cap.
377 299 499 334 XXVI.
527 299 578 333 De
603 298 674 332 situ
700 297 923 332 lherusalem

970 322 1931 333 ·····················

285 376 299 391 ,,
362 347 501 382 XXVII.
529 347 581 381 De
609 345 796 381 obsidione
832 344 932 379 urbis
956 344 1177 379 lherusalem
1210 370 1931 381 ................

285 424 299 438 ,,
344 394 500 429 XXVIII.
527 394 579 429 De
603 394 737 447 spoliis,
764 403 856 437 quae
883 392 1075 427 Christiani
1101 396 1274 436 ceperunt
1303 417 1932 429 ..............

376 442 499 477 XXIX.
527 442 579 476 De
605 440 795 476 mansione
821 439 1107 474 Christianorum
1132 440 1170 474 in
1194 439 1314 474 ur.be
1353 465 1362 474 .

394 490 500 524 XXX.
527 490 579 524 De
604 499 687 532 rege
713 491 748 523 et
772 487 1002 533 patriarcha
993 498 1031 522 in
1047 487 1138 522 urbe
1154 487 1363 533 procreatis,
1388 467 1424 522 et
1442 467 1485 522 de
1503 487 1716 523 inventione
1732 488 1936 523 dominicae

602 547 640 571 el
642 536 718 571 UCIS
738 560 1934 571 ..........................

287 614 300 627 „
379 585 501 619 XXXI.
529 585 580 619 De
605 583 764 619 adventu
796 587 831 618 et
857 583 1125 627 expugnatione
1155 593 1382 627 paganorum
1409 586 1444 617 et
1469 583 1621 617 victoria
1646 583 1934 619 Christianorum

287 663 300 677 ,,
360 633 500 667 XXXII.
526 632 579 667 De
603 631 811 666 reversione
845 631 1050 675 principum
1080 630 1125 664 ad
1152 631 1307 675 patriam
1351 656 1930 667 .............

287 710 299 724 ,,
342 680 499 715 XXXIII.
527 680 579 714 De
604 679 819 714 Boamundo
844 682 880 714 et
904 678 1082 713 Balduino
1107 682 1142 712 et
1168 689 1292 713 eorum
1319 678 1609 723 peregrinatione

287 758 300 772 „
346 728 501 762 XXXIV.
529 728 580 762 De
605 727 811 762 reversione
836 726 938 761 ducis
963 726 1166 761 Boamundi
1182 725 1234 772 iet
1258 726 1399 761 comitis
1431 725 1599 761 Balduini
1623 726 1669 760 ad
1699 726 1845 772 propria
1877 753 1887 762 .
1924 753 1934 762 .

285 804 299 819 „
364 775 500 810 XXXV.
526 775 579 810 De
604 774 770 819 captione
794 774 896 809 ducis
921 773 1126 808 Boamundi
1161 799 1933 810 .................

285 853 299 867 ,,
347 823 501 858 XXXVI.
529 823 579 858 De
603 825 720 858 morte
744 821 838 866 regis
862 821 1044 856 Godefridi
1070 847 1936 858 ...................

496 883 634 917 Liber
658 882 894 917 secundus.
944 881 1006 916 De
1031 881 1168 925 gestis
1202 881 1321 925 regis
1346 880 1568 916 Balduini
1602 880 1737 926 primi
1781 907 1791 916 .
1827 908 1837 917 .
1874 908 1884 917 .
1921 909 1931 917 .

249 944 294 979 Ca
300 955 332 988 p.
466 943 505 1025 III.

450 1086 509 1120 ΙΙΙ.

450 1134 507 1168 IV.

466 1181 507 1217 V.

451 1228 508 1263 vl.

433 1277 507 1312 Vll.

415 1324 506 1358 VIII.

450 1372 508 1406 IX.

467 1419 507 1454 X.

451 1467 512 1502 XI.

434 1562 511 1596 XII.

419 1610 512 1646 XIII.

419 1657 509 1692 XIV.

435 1705 507 1739 XV.

416 1752 507 1787 XVI.

401 1848 507 1883 XVII.

385 1895 507 1929 XVIII.

418 1991 508 2025 XIX.

435 2038 509 2072 XX.

420 2085 511 2120 XXI.

404 2228 511 2263 XXII.

386 2276 514 2311 XXIII.

393 2323 514 2358 XXIV.

410 2371 515 2405 XXV.

291 2447 303 2457 .
387 2418 509 2453 XXVI.

290 2495 303 2508 ‚.
372 2466 511 2500 XXVII.

291 2589 303 2603 ,,
357 2561 513 2595 XXVIII.

393 2655 516 2689 XXIX.

411 2703 517 2736 XXX.

398 2750 522 2784 xxxl.

383 2845 522 2879 xxxn

293 2968 306 2982 „
365 2939 523 2974 xxxin.

292 3015 306 3029 „
369 2986 522 3022 xxxw.

292 3062 305 3076 „
384 3034 520 3069 xxxv.

292 3109 306 3123 „
366 3081 520 3116 xxxvl.

293 3156 307 3171 „
348 3128 519 3164 xxxvn.

534 942 696 985 Qualiter
721 942 920 977 Balduinus
945 942 990 976 ad
1017 941 1211 986 regendam
1238 941 1527 987 Hierosolymam
1552 941 1712 986 perrexit
1735 968 1934 977 .....

537 991 587 1024 De
613 990 752 1025 insidiis
776 990 978 1025 Turcorum
1015 989 1052 1024 in
1086 990 1143 1024 via
1168 990 1366 1034 praetensis
1391 993 1426 1024 et
1457 989 1615 1025 mirabili
1649 989 1829 1034 probitate
1854 990 1938 1025 Bal-

603 1038 703 1072 duini
746 1036 889 1072 comitis
934 1063 1934 1073 ......................

534 1085 676 1120 Bellum
711 1085 944 1120 durissimum
979 1088 1105 1120 contra
1130 1085 1267 1119 Turcos
1311 1111 1932 1121 ..............

535 1134 586 1167 De
623 1133 852 1177 expeditione
877 1132 1043 1167 Balduini
1078 1132 1115 1166 in
1140 1131 1311 1167 Arabiam
1356 1159 1933 1168 .............

533 1181 585 1215 De
620 1180 761 1215 Mortuo
796 1181 887 1215 mari
932 1206 1934 1216 ......................

535 1229 586 1263 De
611 1228 866 1263 substitutione
892 1229 985 1271 regis
1011 1228 1175 1266 Balduini
1201 1231 1237 1262 et
1262 1228 1456 1271 exiguitate
1480 1228 1592 1272 ipsius
1617 1228 1717 1272 regni
1738 1255 1935 1263 .....

533 1276 586 1310 De
611 1276 865 1311 substitutione
890 1276 1065 1310 Tancredi
1091 1276 1187 1320 apud
1219 1275 1449 1310 Antiochiam

533 1324 585 1358 De
610 1323 799 1359 obsidione
825 1323 930 1358 castri
957 1323 1091 1358 Arsuth
1117 1326 1152 1358 et
1177 1323 1255 1358 eius
1280 1324 1446 1368 captione
1500 1349 1934 1359 ..........

537 1371 728 1414 Quomodo
753 1371 930 1406 Caesarea
954 1371 1080 1405 civitas
1105 1374 1210 1415 capta
1234 1371 1280 1405 sit
1311 1397 1934 1407 ..............

537 1419 639 1462 Quod
665 1419 701 1453 in
729 1418 903 1454 Caesarea
928 1418 1218 1463 archiepiscopus
1245 1418 1290 1453 sit
1315 1419 1503 1454 ordinatus
1545 1443 1937 1455 .........

538 1467 589 1502 De
623 1466 760 1510 proelio
797 1467 884 1501 satis
921 1469 1070 1501 cruento
1108 1465 1395 1501 Christianorum
1431 1469 1540 1511 atque
1565 1466 1779 1508 Turcorum,
1814 1467 1850 1502 in
1881 1477 1954 1512 quo

605 1514 795 1549 Christiani
822 1514 975 1549 victores
1000 1514 1146 1549 fuerunt
1165 1539 1938 1550 .................

539 1561 670 1605 Quanti
696 1562 740 1596 de
757 1561 969 1597 Christianis
994 1561 1044 1596 ibi
1062 1565 1275 1596 corruerunt
1307 1587 1697 1598 .........
1785 1587 1796 1597 .
1832 1589 1841 1598 .
1879 1589 1888 1598 .
1927 1587 1936 1597 .

538 1610 590 1644 De
614 1612 711 1644 sorte
737 1609 837 1644 varia
862 1609 986 1654 proelii
1011 1609 1120 1644 huius
1163 1634 1937 1645 .................

538 1658 588 1692 De
611 1657 834 1702 Ioppitarum
853 1657 963 1692 missa
980 1657 1161 1702 legatione
1178 1657 1223 1691 ad
1241 1657 1481 1698 Taum-‚edum
1507 1657 1706 1703 principem
1725 1657 1940 1692 Antiochiae

534 1705 586 1739 De
612 1705 770 1740 exercitu
797 1705 1016 1750 Babylonico
1041 1708 1168 1740 contra
1194 1704 1415 1740 Christianos
1442 1705 1646 1740 coadunato
1690 1732 1698 1740 .
1737 1731 1746 1740 .
1785 1730 1794 1739 .
1832 1731 1842 1741 .

534 1753 586 1787 De
623 1752 782 1787 secunda
823 1753 1044 1787 Francorum
1094 1752 1290 1787 miserabili
1332 1753 1623 1797 peregrinatione
1663 1756 1700 1788 et
1739 1753 1784 1788 de
1824 1756 1940 1788 morte

603 1799 767 1843 Hugonis
798 1800 918 1844 Magni

534 1849 585 1882 De
616 1848 782 1891 captione
807 1848 979 1882 Tortosae
1010 1847 1110 1882 urbis
1160 1873 1933 1884 .................

535 1896 587 1930 De
612 1895 808 1930 miserabili
834 1895 971 1940 proelio
997 1895 1283 1930 Christianorum
1308 1898 1415 1940 atque
1440 1895 1654 1939 Turcorum,
1683 1895 1723 1931 in
1747 1907 1821 1941 quo
1837 1895 1936 1931 Chri-

603 1943 710 1977 stiani
736 1942 855 1987 occisi,
880 1942 987 1977 Turci
1013 1943 1167 1978 victores
1186 1944 1331 1978 ruerunt
1351 1968 1933 1980 .............

537 1991 587 2025 De
612 1991 697 2034 fuga
729 1990 823 2034 regis
855 1990 1020 2025 Balduini
1065 2015 1934 2027 ...................

536 2038 640 2081 Quod
666 2049 729 2072 rex
755 2038 897 2081 fugiens
930 2038 1112 2081 ingressus
1143 2041 1196 2073 est
1221 2037 1356 2073 Arsuth
1400 2067 1407 2073 .
1447 2063 1456 2072 .

540 2085 642 2128 Quod
680 2085 786 2129 Hugo
811 2085 856 2120 de
893 2085 1091 2130 Tyberiade
1127 2089 1236 2129 atque
1274 2085 1478 2131 patriarcha
1518 2086 1865 2130 Hierosolymitanus
1901 2086 1939 2122 in

605 2133 781 2168 auxilium
806 2132 901 2178 regis
926 2136 1222 2178 properaverunt,
1260 2137 1295 2168 et
1332 2134 1377 2168 de
1416 2134 1510 2168 bello
1535 2137 1692 2178 peracto,
1730 2133 1940 2170 Christianis

606 2181 823 2224 videntibus,
850 2180 980 2215 virtute
1005 2183 1040 2216 et
1065 2180 1199 2215 auxilio
1225 2181 1258 2215 S.
1277 2181 1392 2216 crucis

539 2227 643 2271 Quod
668 2239 731 2263 rex
756 2227 878 2263 Accon
904 2228 1033 2262 urbem
1055 2228 1194 2263 obsedit
1217 2253 1939 2266 ................

541 2276 593 2310 De
618 2276 781 2320 principe
806 2276 1021 2310 Boamundo
1047 2287 1069 2310 a
1093 2275 1300 2320 captivitate
1324 2277 1478 2311 liberato
1499 2301 1937 2313 ..........

541 2323 593 2357 De
618 2334 701 2367 rege
726 2334 841 2368 usque
866 2323 911 2357 ad
937 2326 1091 2358 mortem
1117 2334 1232 2367 paene
1257 2324 1446 2359 vulnerato

541 2371 593 2405 De
619 2370 784 2414 captione
809 2370 910 2405 urbis
935 2371 1071 2415 Accon,
1103 2382 1195 2415 quae
1228 2372 1335 2415 vulgo
1361 2371 1454 2406 Aera
1478 2371 1608 2407 dicitur
1638 2396 1935 2408 .......

537 2418 903 2461 QuodBoamundus
935 2418 972 2452 in
998 2417 1130 2462 Apulia
1160 2420 1393 2453 transii-ctare
1425 2419 1600 2464 disposuit
1643 2445 1936 2455 .......

540 2465 730 2509 Quomodo
769 2466 983 2500 Antiocheni
1015 2469 1141 2500 contra
1178 2466 1329 2501 Parthos
1360 2466 1572 2502 dimicantes
1611 2467 1706 2511 capti
1730 2470 1767 2502 et
1791 2469 1939 2512 quidam

606 2513 713 2547 occisi
739 2516 824 2547 sunt
845 2539 1936 2550 ........................

540 2561 592 2595 De
616 2560 827 2595 liberatione
853 2561 995 2595 comitis
1021 2561 1189 2595 Balduini
1215 2565 1250 2595 et
1286 2562 1331 2596 de
1356 2561 1492 2606 proelio
1518 2562 1611 2596 inter
1635 2562 1755 2607 ipsum
1789 2564 1825 2597 et
1848 2562 1939 2597 Tau-

607 2608 754 2642 credum
790 2634 1459 2644 ...............
1490 2625 1499 2634 ·

544 2655 649 2698 Quod
675 2655 910 2690 Boamundus
944 2655 981 2690 in
1007 2655 1140 2690 Gallias
1165 2656 1412 2690 transfretavit
1456 2682 1936 2692 ...........

546 2703 648 2745 Quod
676 2703 883 2738 'I'ancredus
908 2714 991 2737 cum
1017 2702 1142 2737 Turcis
1179 2714 1345 2747 pugnans
1370 2703 1558 2738 victoriam
1583 2703 1735 2749 adeptus
1759 2708 1814 2739 est
1881 2730 1890 2739 .
1928 2729 1938 2738 .

549 2750 653 2793 Quod
683 2751 814 2784 iterum
839 2761 902 2784 rex
927 2750 1113 2785 Babilonis
1138 2761 1285 2785 omnem
1311 2750 1507 2786 exercitum
1533 2762 1642 2786 suum
1666 2754 1792 2787 contra
1817 2761 1940 2796 regem

608 2797 827 2832 Balduinum
853 2797 959 2839 misit,
986 2800 1112 2832 contra
1137 2809 1228 2842 quos
1252 2798 1313 2832 ille
1337 2802 1452 2833 semet
1474 2799 1704 2853 praeparavit
1739 2825 1749 2834 .
1777 2817 1787 2826 ·
1926 2826 1936 2834 .

550 2845 676 2888 Pugna
700 2845 1110 2899 Hierosolymitanorum
1142 2857 1224 2880 cum
1250 2845 1387 2887 Turcis,
1413 2846 1543 2890 adepta
1567 2846 1717 2881 victoria
1742 2857 1807 2891 per
1830 2845 1940 2881 virtu-

607 2896 679 2927 tem
706 2892 952 2927 sanctissimae
977 2893 1092 2927 crucis
1127 2919 1936 2929 ..................

550 2940 601 2974 De
627 2940 738 2974 classe
763 2940 1046 2984 Babyloniorum
1075 2966 1934 2976 ...................

550 2987 601 3022 De
626 2990 742 3022 terrae
766 2990 870 3025 motu
890 3013 1935 3023 .......................

547 3035 599 3069 De
625 3035 736 3078 signis
761 3035 797 3069 in
825 3035 924 3069 caelo
948 3036 1206 3079 apparentibus
1266 3061 1935 3071 ...............

547 3082 599 3116 De
623 3081 759 3127 proelio
786 3082 1070 3121 Christianorum
1096 3085 1223 3117 contra
1247 3083 1490 3117 Damascenos

548 3129 738 3172 Quomodo
774 3129 978 3174 patriarcha
1013 3130 1169 3164 Romam
1213 3133 1338 3174 petens
1381 3130 1638 3173 transfretavit,
1673 3131 1776 3165 etde
1801 3131 1938 3175 proelio

609 3177 831 3222 Ioppitarum
859 3180 966 3221 atque
993 3177 1283 3212 Ascalonitarum
1314 3202 1935 3214 ..............

1496 2349 1935 2360 ··········

2068 263 2162 292 Seite.

1975 882 2168 916 352-614
2194 910 2196 913 ,

2093 300 2161 335 281

2093 347 2164 382 292

2094 395 2160 429 301

2093 442 2166 477 304

2094 537 2165 572 306

2096 584 2119 618 3
2126 585 2139 618 l
2147 584 2161 618 1

2095 632 2165 666 318

2096 680 2166 714 322

2097 727 2167 762 335

2096 774 2166 809 343

2098 821 2168 856 349

2098 943 2167 978 352

2096 1039 2166 1074 357

2097 1087 2143 1121 36
2150 1088 2163 1120 1

2097 1135 2169 1169 370

2098 1182 2168 1217 376

2097 1229 2169 1264 384

2098 1277 2170 1312 390

2097 1325 2168 1359 393

2097 1373 2170 1408 400

2097 1419 2170 1455 404

2098 1515 2168 1550 407

2098 1563 2139 1598 41
2147 1564 2170 1598 6

2098 1610 2140 1645 41
2148 1611 2167 1645 7

2098 1659 2170 1693 420

2097 1705 2170 1741 424

2098 1801 2171 1836 428

2096 1849 2168 1884 433

2095 1943 2167 1979 436

2096 1991 2166 2026 441

2095 2039 2168 2074 444

2097 2181 2170 2217 446

2098 2230 2169 2265 456

2097 2277 2168 2312 457

2097 2326 2116 2360 4
2122 2325 2171 2360 60
