2216 3438
5 155 10 158 ·
0 0 22 112 wr⁴=

242 213 416 250 fulcheri
439 212 669 249 carnotensis
694 213 852 249 Historia
876 212 1212 258 Hierosolymitana.
1240 220 1282 238 -’-
1310 211 1387 246 Lib.
1405 210 1431 251 Ι,
1458 221 1535 256 cap.
1554 209 1676 251 XXIV,
1702 210 1831 244 8-12,
1939 209 2008 244 263

81 334 209 376 equos
245 325 286 364 et
323 321 467 364 asinos
496 324 660 364 nostros
687 320 906 373 famelicos
935 320 1242 373 interficientes,
1275 319 1401 362 multi
1431 322 1649 362 nostruma
1680 315 2001 360 comederunt.¹⁹

0 375 10 521 Ι
79 390 157 448 [8]
177 393 252 436 sed
278 393 461 443 interim,
491 392 814 435 clementissima
835 389 922 434 Dei
951 391 1242 444 omnipotentis
1263 390 1557 433 misericordia
1577 387 1723 432 nobisb
1742 388 2009 432 subveniente

79 467 122 508 'et
132 477 217 518 pro
237 464 357 508 nobis
376 464 593 525 viyilante,
627 464 816 506 lanceam
838 463 1107 512 dominicam,
1129 476 1215 516 qua
1236 461 1469 504 Salvatoris
1490 463 1623 504 nostri
1647 461 1759 503 latus
1778 458 2008 515 Lonyini²⁰

0 524 13 570 ²2
80 535 281 579 manibus
293 531 560 588 perforatum
578 534 677 588 fuit,
699 533 744 577 S.
761 534 942 577 Andrea
963 534 1146 587 apostolo
1168 533 1338 576 cuidam
1361 532 1524 586 famulo
1543 531 1627 574 Dei
1648 535 1710 574 ter
1732 533 1941 575 revelante
1954 529 2004 582 ²¹,

74 607 220 650 Iocum
258 606 383 650 etiam
421 606 496 649 ubi
534 606 681 649 lancea
719 605 882 648 iacebat
912 605 1231 655 demonstrante,
1266 604 1314 646 in
1345 604 1518 647 ecclesia
1550 603 1661 646 beati
1692 602 1812 646 Petri
1843 606 2007 656 aposto-

75 677 222 721 {mum
255 677 471 732 principis
511 659 759 719 invenimus.
822 677 945 719 cuius
987 675 1224 719 inventione
1261 675 1441 729 aliisque
1479 675 1626 717 multis
1657 674 1816 717 divinis
1846 674 2006 717 revela-

10 763 11 766 *
80 748 268 792 tionibus
295 749 359 791 ita
389 745 658 802 confortati2²
689 751 727 790 et
758 747 1013 791 corroborati
1040 747 1217 800 fuimus,
1250 750 1298 790 ut
1334 746 1407 801 qui
1442 749 1569 788 antea
1589 745 1755 797 adflicti
1778 749 1819 788 et
1838 746 2006 789 timidi⁰

78 818 315 872 fueramus,
347 823 448 862 tunc
477 819 536 862 ad
557 819 862 872 proeliandum
892 818 1173 861 audacissimi
1197 817 1596 871 promptissimique
1627 817 1708 859 alii
1737 816 1842 859 alios
1863 816 2005 859 horta-

80 890 246 934 bamur.
307 888 377 946 [9]
408 888 596 933 tribus²³
633 890 771 944 iyitur
815 887 1116 933 hebdomadisd
1154 892 1193 932 et
1228 888 1308 932 IV
1346 889 1490 931 diebus
1529 888 1722 940 obsessie,
1766 888 1813 930 in
1854 887 2006 942 viyilia

75 961 363 1015 apostolorum
406 961 525 1005 Petri
564 964 603 1004 et
632 960 766 1004 Pauli
773 958 824 1012 ²⁴,
859 961 908 1003 in
940 961 1030 1004 Deo
1073 961 1338 1014 confidente&
1371 957 1446 1003 def
1474 959 1670 1004 omnibus
1700 958 2005 1012 iniquitatibus

71 1032 237 1076 *nostris
275 1033 463 1087 confessi,
498 1035 676 1086 portasg
708 1033 892 1075 civitatis
922 1045 1016 1075 cum
1047 1037 1162 1075 omni
1191 1035 1332 1074 nostro
1365 1030 1507 1074 bellico
1538 1033 1755 1084 apparatu
1786 1030 2001 1078 exivimus,

73 1107 121 1146 et
153 1107 244 1146 tam
273 1104 410 1158 pauci
447 1117 630 1155 eramus,
672 1103 782 1158 quod
822 1104 906 1157 ipsi
937 1115 1012 1146 nos
1041 1117 1128 1146 non
1158 1107 1305 1146 contra
1335 1116 1402 1146 eos
1424 1116 1625 1157 puynare
1654 1102 1729 1144 sed
1755 1103 1902 1156 fluyere
1932 1102 2003 1144 ad-

77 1174 322 1228 firmabant.
375 1172 474 1230 [10]
495 1174 614 1218 nobis
644 1179 786 1218 autem
816 1175 1008 1218 omnibus
1033 1175 1206 1228 paratis
1237 1179 1276 1217 et
1305 1179 1395 1218 tam
1420 1174 1614 1228 peditum
1635 1170 1795 1228 quamh
1820 1172 2003 1215 militum

80 1245 205 1288 certis
233 1244 458 1289 ordinibus
487 1244 758 1299 dispositis25,
790 1246 865 1289 ubi
885 1246 1023 1289 maior
1050 1260 1196 1289 eorum
1217 1249 1356 1289 virtus
1378 1249 1418 1288 et
1435 1245 1644 1298 fortitudo
1665 1248 1768 1294 erat,
1803 1245 2004 1287 audacter

11 1362 14 1364 ,
73 1316 376 1370 requisivimus
403 1330 499 1360 cum
519 1316 667 1360 lancea
687 1317 901 1360 dominica
923 1321 959 1359 et
980 1316 1026 1360 a¹
1039 1318 1189 1371 prima
1210 1317 1307 1360 belli
1328 1320 1509 1360 statione
1527 1315 1676 1371 fugere
1696 1328 1763 1358 eos
1784 1316 1999 1370 coegimus.

78 1387 164 1440 ipsi
207 1390 357 1438 autem,
399 1391 449 1431 ut
487 1400 575 1430 mos
614 1401 757 1431 eorum
795 1392 866 1439 est,
906 1389 1093 1443 undique
1122 1401 1167 1432 se
1197 1389 1436 1443 disperyere
1467 1391 1699 1441 coeperunt,
1731 1385 2001 1440 occupandok

78 1458 202 1502 colles
230 1461 269 1500 et
297 1460 390 1502 vias
419 1459 668 1512 ubicumque
690 1463 890 1513 poterant
920 1457 1013 1502 nos1
1042 1459 1188 1514 yirare
1217 1460 1450 1502 voluerunt.
1502 1462 1564 1502 sic
1594 1461 1707 1502 enim
1728 1463 1842 1501 nosm
1862 1470 2002 1500 omnes

34 1562 36 1567 .
78 1530 313 1584 interficere
349 1535 621 1585 putaverunt.
681 1532 755 1574 sed
795 1531 912 1574 nobis
951 1531 1098 1574 multis
1141 1531 1260 1575 bellis
1299 1535 1441 1574 contra
1481 1543 1626 1573 eorum
1665 1529 1917 1573 calliditates
1963 1532 2003 1571 et

78 1601 254 1656 inycnia
284 1601 448 1653 edoctis,
479 1603 622 1656 qratia
653 1602 738 1645 Dei
766 1606 805 1644 et
835 1603 1128 1645 misericordia
1160 1605 1224 1646 ita
1253 1603 1456 1654 subvenit,
1489 1606 1536 1645 ut
1566 1603 1642 1656 qui
1665 1601 1922 1656 paucissimi
1945 1601 2004 1643 ad

74 1685 218 1715 corum
262 1675 616 1727 comparationem
662 1686 842 1725 eramus,
886 1686 1026 1716 omnes
1074 1673 1168 1717 illos
1211 1675 1261 1716 in
1307 1688 1442 1717 unum
1490 1674 1697 1728 coeyimus
1741 1677 1783 1716 et
1828 1676 1998 1724 coactos,

46 1742 250 1786 „dextera
279 1742 368 1786 Dei
409 1744 622 1787 nobiscum
666 1745 904 1795 dimicante,
945 1744 1091 1799 fuqere
1131 1749 1198 1788 et¹²
1240 1749 1385 1788 castra
1428 1758 1522 1788 cum
1561 1744 1767 1793 omnibus,
1809 1757 1918 1798 quae
1953 1745 1998 1786 in

67 1815 232 1856 'castris
275 1818 400 1858 erant
410 1812 461 1868 ²³⁶,
507 1816 745 1870 relinquere
782 1816 1068 1870 compulimus.
1143 1814 1241 1872 [ll]
1283 1816 1436 1871 quibus
1485 1816 1685 1860 devictis⁰
1727 1819 1892 1869 totaque
1932 1815 2000 1858 die

64 1882 238 1940 'fuqatis
266 1889 306 1928 et
334 1885 477 1929 multis
507 1900 650 1930 eorum
680 1887 885 1930 milibusp
915 1886 1159 1940 interfectis,
1193 1888 1251 1930 ad
1271 1888 1477 1930 civitatem
1498 1888 1599 1930 laeti
1629 1891 1667 1930 et
1690 1886 1850 1929 hilares
1869 1899 1998 1929 reme-

43 1955 252 1999 munus.
316 1957 480 2012 asylum
520 1962 659 2000 autem
698 1959 993 2012 supradictum
1032 1959 1274 2002 admiratus
1303 1960 1490 2013 quidam,
1523 1959 1596 2013 qui
1625 1959 1673 2001 in
1705 1971 1750 2001 eo
1781 1962 1873 2001 erat
1903 1970 1998 2000 cum

69 2025 186 2071 mille
214 2027 466 2080 hominibus,
499 2029 753 2073 Boamundo
784 2030 1000 2091 reddiditq
1015 2029 1064 2080 ²⁷,
1103 2034 1141 2073 et
1164 2044 1244 2083 per
1276 2031 1412 2084 ipsius
1442 2044 1617 2073 manum
1653 2028 1925 2072 Christianae
1953 2041 1998 2071 se

43 2133 47 2139 .
70 2096 176 2151 fidei
215 2099 498 2143 unanimiterr
535 2100 790 2155 subiuyavit.
853 2103 1018 2155 itaque⁸
1050 2100 1265 2145 Dominus
1294 2105 1435 2144 noster
1465 2101 1594 2145 Jesus
1629 2099 1822 2144 Christus
1852 2100 1998 2143 totamt

39 2188 41 2190 ·
73 2166 346 2213 Antiochiam
374 2170 593 2214 Romanae
622 2172 821 2232 reliyioni
851 2186 900 2216 ac
927 2173 1028 2226 fidei
1049 2173 1321 2227 mancipavit.
1367 2171 1468 2229 [12]
1500 2178 1675 2216 verumu
1690 2170 1739 2224 ²⁸,
1772 2173 1874 2226 quia
1901 2172 1998 2214 solet

193 2279 213 2300 ⁸
229 2279 434 2311 nostrorum
448 2287 493 2312 w.
511 2297 556 2303 —
582 2276 604 2303 b
622 2288 694 2312 om.
712 2278 814 2312 nobis
829 2288 864 2313 R.
892 2296 933 2303 —
957 2284 975 2306 c
992 2279 1120 2323 pavidi
1136 2279 1262 2321 ῦβδμ.
1288 2296 1333 2304 -
1358 2277 1379 2305 d
1399 2279 1673 2314 hebdomadibus
1690 2289 1733 2313 w.
1763 2297 1804 2303 —
1831 2283 1848 2304 e
1868 2278 1999 2312 obcessi

73 2328 112 2356 Β.
135 2338 183 2346 —-
206 2319 330 2358 secde
345 2333 390 2358 w.
417 2342 458 2349 —
486 2329 679 2368 &petentes
695 2330 820 2369 portas
844 2336 888 2360 W.
915 2346 961 2354 —
986 2325 1008 2352 h
1028 2331 1101 2360 tam
1127 2328 1219 2368 onss.
1248 2345 1287 2351 —
1318 2325 1329 2352 i
1349 2338 1372 2360 a
1389 2337 1461 2361 om.
1480 2327 1605 2369 Ββδμ.
1634 2346 1677 2351 -
1703 2325 1725 2352 k
1744 2330 1775 2360 et
1792 2326 1996 2370 occupando

68 2375 119 2403 -π-
145 2385 189 2394 -
215 2367 230 2396 1
247 2372 444 2415 appetendo
468 2382 535 2405 nos
557 2382 601 2406 w.
630 2392 673 2396 —
699 2379 732 2398 11²
757 2375 843 2417 quia
868 2374 921 2407 sic
937 2384 1003 2408 nos
1018 2384 1063 2408 w.
1090 2392 1135 2398 —
1162 2380 1183 2400 1¹
1204 2374 1253 2407 ad
1269 2385 1303 2408 a.
1331 2394 1376 2399 —
1402 2379 1422 2400 0
1442 2376 1543 2408 victis
1560 2384 1604 2408 w.
1630 2394 1677 2400 -
1702 2380 1723 2407 Ρ
1742 2374 1917 2407 militibus
1934 2374 1993 2415 κβ.

0 2421 1 2484 ³
51 2417 403 2499 ἶῷοξννοᾶᾱῐάὅι
427 2420 651 2462 σοκβδμνν.
678 2440 724 2447 -
749 2426 764 2446 ¹·
785 2421 1035 2455 hunanimiter
1060 2432 1093 2456 R.
1122 2439 1166 2445 —
1191 2427 1206 2448 ⁸
1233 2426 1263 2455 et
1288 2423 1341 2455 ita
1366 2432 1409 2456 w.
1446 2439 1490 2445 —
1526 2423 1539 2447 t
1566 2423 1740 2455 civitatem
1765 2420 1846 2455 add.
1873 2431 1916 2455 W.
1949 2438 1992 2444 —

72 2590 234 2622 omnes
260 2582 454 2624 fuimus:
484 2584 556 2635 vgl.
586 2598 633 2624 zu
661 2584 743 2633 XX,
772 2587 796 2624 3
817 2599 843 2625 n
867 2586 927 2625 13.
959 2608 1007 2613 —
1040 2589 1086 2625 19
1114 2587 1434 2626 comederent:
1465 2587 1571 2626 siehe
1600 2600 1646 2626 zu
1675 2599 1707 2626 c.
1728 2586 1810 2634 XX,
1836 2588 1860 2625 3
1882 2600 1906 2624 n
1931 2587 1991 2626 13.

69 2661 105 2706 ⁴·
151 2642 200 2680 2⁰
216 2641 415 2694 Longini
446 2644 679 2684 manibus:
710 2644 817 2684 siehe
837 2658 883 2684 zu
903 2658 935 2685 c.
956 2645 1075 2685 XVIII
1096 2660 1123 2686 n
1143 2647 1179 2685 4.
1212 2669 1259 2674 —
1290 2649 1332 2685 21
1351 2646 1391 2686 S.
1413 2646 1602 2686 Andrea
1632 2652 1703 2686 ter
1731 2646 1990 2685 revelante:

29 2711 58 2758 ,ᾗ
79 2697 180 2763 ,ῥεὶιθ
206 2713 254 2740 zu
281 2701 574 2751 c.XV111,1n
595 2706 632 2743 5.
664 2727 712 2732 —
743 2707 791 2743 22
820 2704 1009 2744 divinis
1038 2705 1452 2745 revelationibus
1481 2704 1788 2744 confortati:
1819 2704 1926 2744 siehe
1945 2718 1991 2744 zu

47 2775 74 2809 ἐς
123 2756 207 2805 XX,
237 2761 255 2799 1
287 2773 314 2800 n
342 2762 379 2801 2.
412 2783 458 2789 —
488 2765 538 2801 23
566 2764 610 2810 ἓξ
640 2764 788 2803 9—11:
817 2767 893 2803 Am
920 2766 985 2805 28.
1003 2765 1105 2804 Juni
1131 2766 1230 2804 zieht
1258 2766 1332 2804 das
1359 2765 1634 2804 Frankenheer
1661 2777 1733 2803 aus
1761 2765 1990 2803 Antiochien

68 2826 161 2862 ‚nm
188 2819 351 2870 Anqriff
369 2834 484 2872 qeyen
511 2822 692 2874 Korboya
720 2824 803 2862 und
829 2824 974 2874 schla‘yt
1001 2825 1071 2862 mit
1102 2824 1234 2863 Gottes
1262 2825 1372 2873 Hilfe
1400 2825 1462 2862 die
1495 2824 1648 2863 Tiirlcen
1678 2826 1721 2862 in
1749 2825 1811 2862 die
1839 2824 1990 2874 Flucht‚

72 2874 190 2916 dorm
221 2891 364 2929 qanzes
392 2881 519 2931 Layer
556 2883 598 2920 in
634 2883 705 2920 der
733 2883 918 2921 Franken
949 2883 1089 2922 Ha'nde
1114 2884 1220 2932 falic,
1247 2884 1407 2932 worauf
1429 2884 1509 2922 sich
1538 2884 1635 2921 auch
1664 2884 1738 2921 das
1765 2883 1990 2922 Antiochia-

67 2931 207 2975 &dell
242 2950 294 2976 an
321 2939 520 2978 Boemund
553 2941 685 2990 eryibt.
733 2963 790 2988 —·
821 2943 871 2980 24
907 2941 955 2980 in
990 2941 1168 2992 vigilia
1203 2942 1551 2993 apostolorum
1582 2942 1718 2980 Petri
1746 2947 1792 2981 et
1820 2942 1989 2989 Pauli,

43 3007 55 3040 j
86 2992 164 3059 ..1.
190 2995 256 3037 28.
282 2995 389 3046 Juni3
428 2997 534 3037 siehe
568 3011 614 3038 zu
643 3011 675 3039 c.
701 2999 816 3047 XXII,
845 3001 870 3039 3
899 3013 926 3039 n
955 3002 979 3039 9
1008 3001 1089 3040 und
1115 3013 1148 3040 c.
1169 3001 1301 3048 XXIII,
1334 3002 1354 3039 7
1386 3015 1411 3039 n
1441 3002 1505 3040 21.
1550 3022 1596 3027 —
1641 3003 1688 3039 25
1716 3001 1988 3041 ordinibus

30 3053 365 3111 ispositis:
405 3056 513 3096 siehe
550 3070 597 3096 zu
634 3070 668 3097 c.
696 3058 811 3106 XXII,
841 3059 865 3098 4
903 3060 984 3099 und
1020 3059 1154 3109 XXIII,
1197 3061 1212 3098 1
1256 3074 1281 3099 n
1312 3061 1349 3099 2.
1395 3081 1442 3087 —
1487 3062 1534 3098 26
1569 3072 1694 3110 quae
1723 3059 1770 3099 in
1799 3060 1987 3100 castris

75 3148 78 3151 .
100 3117 237 3178 ··tnt:
266 3114 373 3154 siehe
400 3129 447 3155 zu
465 3115 597 3164 XXIII,
618 3118 656 3156 3.
688 3140 735 3146 —
764 3120 808 3157 27
837 3110 943 3158 Uber
962 3118 1023 3158 die
1043 3111 1247 3170 Ubergabe
1265 3120 1332 3158 des
1354 3118 1717 3159 Antiochiakastells
1736 3119 1804 3159 hat
1823 3120 1987 3159 Fulcher

67 3184 86 3219 ¹.
109 3182 184 3210 ne
219 3171 391 3223 Angabe.
449 3174 563 3214 Siehe
601 3175 767 3215 dariiber
794 3176 968 3216 Niiheres
1006 3178 1045 3217 in
1074 3178 1147 3217 HG
1175 3178 1309 3225 XXIX,
1352 3179 1412 3217 10.
1446 3179 1488 3217 11
1531 3179 1582 3229 (p.
1604 3180 1684 3218 380
1697 3178 1751 3226 ff.)
1781 3180 1861 3218 und
1890 3179 1985 3231 HEp

44 3246 90 3265 ’κ
130 3229 208 3269 338
223 3231 260 3271 ff.
302 3255 346 3260 —
385 3235 434 3272 28
463 3235 483 3280 ἓ
517 3234 582 3273 12ε
620 3235 785 3284 Bischof
807 3237 1000 3276 Ademars
1033 3237 1114 3275 Tod
1142 3250 1207 3276 am
1240 3238 1271 3276 l.
1294 3236 1462 3287 Anguem
1502 3237 1607 3276 siehe
1635 3250 1666 3277 c.
1688 3237 1818 3285 XXIII,
1858 3240 1894 3279 8.
1936 3260 1981 3266 -

2019 334 2047 355 a..
2062 328 2134 354 1098
