2216 3438
264 162 334 197 804
447 162 609 197 Fulcheri
635 162 864 198 Carnotensis
889 162 1046 198 Historia
1076 162 1414 207 Hierosolymitann.
1440 184 1486 189 —
1507 163 1588 198 Lib.
1606 163 1667 209 III,
1693 175 1769 210 cap.
1787 164 1874 206 LVI,
1899 165 2021 200 9-4·-

139 283 245 309 a.1126
263 270 442 312 ficantes
465 271 612 313 Austri
644 272 751 313 flatu
782 272 1056 314 intraverunt
1078 274 1243 314 terram
1266 269 1534 323 Philistiim4,
1567 273 1751 315 transita
1770 273 2019 325 Pharamia,
2042 274 2189 316 Larisa

264 355 439 396 quoque
483 344 525 384 et
567 340 1108 397 Gazab‚Asca10neque5
1162 356 1333 385 necnon
1378 346 1446 385 ete
1485 341 1657 398 Ioppe⁶‚
1703 344 1920 388 Caesarea
1959 348 2004 387 et
2044 345 2188 388 Ptole-

262 413 422 463 maida,
446 413 561 468 Tyro
593 417 637 456 et
659 414 835 465 Sidone
867 414 1140 469 explorando
1172 416 1215 456 et
1245 414 1492 456 insidiando
1523 428 1601 469 per
1631 415 1731 457 litus
1761 416 2024 459 maritimum
2048 430 2216 487 usque

262 485 414 526 urbem
445 485 558 540 Bery
562 483 693 535 tum⁷,
728 488 1001 540 aucupantes
1034 488 1078 528 et
1109 487 1432 540 perscrutantes
1465 485 1519 528 de
1551 488 1681 540 portu
1711 487 1757 529 in
1786 489 1975 542 portum,
2015 488 2051 530 si
2083 462 2216 543 quidi

261 559 441 610 possent
482 557 674 599 invenire
715 557 795 598 sibi
839 557 1130 607 commodum,
1174 554 1320 611 quodd
1363 556 1618 600 Christianis
1665 561 1783 601 esset
1829 555 2188 602 incommodum.a

262 625 332 681 [2]
364 628 440 670 sed
479 629 582 683 quia
619 629 756 670 dulcis
789 633 956 683 aquaee
988 629 1173 683 penuria
1204 631 1307 670 tunc
1338 629 1546 671 sitibundi
1579 630 1706 672 valde
1739 631 2025 684 angebantur,
2058 644 2195 686 opor-¹¹

262 700 342 741 tuit
374 713 449 742 eos
482 700 539 742 ad
571 700 733 742 siccum
764 701 924 754 egredi,
958 703 1007 742 ut
1037 701 1092 742 de
1124 700 1227 742 rivis
1258 703 1302 742 et
1335 700 1528 743 fontibus
1549 701 1701 744 situlas
1723 698 1856 744 suas⁹
1875 704 1919 745 et
1940 699 2191 758 opplerentr

261 774 304 813 et
350 771 463 813 sitim
502 785 627 813 suam
668 771 931 826 mitigarent.
996 768 1065 825 [3]
1098 771 1174 813 sed
1218 771 1384 813 civibus
1425 772 1543 813 urbis
1583 771 1858 826 praefatae¹⁰.
1889 773 1973 816 hoc
2008 749 2216 816 moleste¹

262 843 510 894 ferentibus,
545 844 602 886 ad
634 857 709 886 eos
742 843 986 897 extemplog
1008 843 1300 885 audacissime
1322 842 1539 896 progressi
1562 845 1675 886 sunt.
1729 843 1888 886 additis
1909 843 1991 886 sibi
2013 844 2188 887 viatori-

260 911 404 965 bus¹¹,
438 915 511 968 qui
544 915 641 956 illuc
679 911 890 957 forsitanh
924 916 1223 962 accurrerunt;
1256 916 1300 955 et
1332 914 1636 968 congressione
1667 915 1796 967 facta,
1829 918 1919 958 tam
1950 915 2006 958 de
2037 916 2206 958 occisis·

261 999 394 1039 quam
436 986 491 1028 ad
534 989 718 1028 mortem
750 986 987 1028 vulneratis
1020 985 1178 1028 CXXX
1218 985 1272 1027 de
1313 985 1463 1040 piratis
1495 983 1623 1028 illis¹²
1653 988 1999 1040 prosternuntur.
2062 989 2208 1031 erant>

261 1054 454 1111 quidemi
487 1058 561 1112 qui
591 1058 786 1100 exierant
818 1058 874 1100 ad
907 1060 1125 1100 certamen
1148 1057 1183 1097 V
1215 1054 1396 1106 milia¹³,
1431 1058 1620 1112 exceptis
1651 1058 1719 1100 his
1751 1058 1824 1113 qui
1855 1071 1992 1101 naves
2007 1058 2185 1101 vinterim

260 1132 639 1181 conservaverunt,
673 1143 859 1184 quarum
892 1129 1011 1171 XXII
1054 1130 1245 1171 triremes
1277 1129 1345 1171 vel
1375 1126 1515 1171 catos-¹<
1536 1127 1570 1151 ¹⁴
1591 1133 1858 1186 nuncupant,
1891 1132 2061 1174 ceterae
2082 1144 2196 1178 vero.

260 1198 396 1243 [ᾸΙΙ15
426 1199 630 1244 fuerunt¹.
695 1198 763 1256 [4]
795 1201 946 1256 itaque
979 1201 1282 1243 crudelitatem
1314 1213 1439 1245 suam
1472 1200 1514 1242 in
1555 1204 1727 1255 gentem
1767 1204 1963 1245 nostram
1999 1191 2198 1257 pompa·-s

377 1324 392 1344 ss
415 1319 549 1362 Phara,
569 1318 728 1352 Mialm*
714 1330 746 1351 s
763 1319 824 1360 δμ.
852 1335 895 1341 -
923 1317 943 1343 b
966 1318 1105 1351 Gazam
1123 1327 1224 1360 crp;
1252 1316 1386 1352 Gazan
1404 1328 1436 1351 1).
1464 1336 1508 1342 -
1534 1323 1552 1344 θ
1570 1318 1748 1352 Ascalone
1765 1329 1901 1363 quoque
1917 1323 1949 1353 et
1966 1320 2036 1363 bu:
2062 1319 2200 1353 ascha>

259 1366 442 1409 Iouemque
466 1377 498 1401 o.
528 1385 568 1390 —-
595 1365 615 1392 d
636 1371 667 1400 et
692 1367 785 1409 quod
810 1377 840 1400 o.
869 1385 913 1391 —
939 1371 957 1391 e
976 1370 1082 1409 atque
1108 1376 1138 1399 n.
1169 1385 1213 1390 ——
1243 1363 1258 1390 f
1275 1376 1362 1398 suas
1386 1366 1578 1409 implerent
1604 1367 1624 1400 δ
1634 1377 1668 1409 μ
1695 1386 1740 1390 —-
1766 1373 1787 1398 g
1805 1368 1976 1411 extimplo
1993 1368 2116 1430 curt).¹

261 1413 281 1439 h
300 1414 396 1456 forte
421 1425 451 1448 D.
479 1435 524 1439 —
551 1413 681 1447 ideest
707 1415 770 1456 δμ
798 1434 841 1438 —-
870 1412 890 1438 k
911 1418 1032 1447 cautos
1058 1414 1122 1455 δμ.
1155 1431 1193 1436 -
1225 1411 1234 1438 1
1257 1412 1356 1447 deest
1381 1424 1413 1447 n.

376 1535 400 1572 4
429 1534 484 1572 Zu
514 1532 799 1572 Philistiim
836 1533 907 1583 vgl.
937 1532 1067 1579 XLVI,
1107 1533 1129 1570 2
1173 1545 1197 1570 n
1228 1535 1264 1571 9.
1316 1553 1362 1559 —
1414 1535 1438 1571 ὅ
1467 1525 1572 1572 Uber
1614 1533 1675 1573 die
1713 1533 1798 1573 hier
1839 1540 2075 1586 genannten,
2122 1533 2187 1581 im„

258 1593 374 1632 Jahre
415 1593 516 1631 1126
573 1592 673 1631 noch
729 1592 782 1631 im
830 1592 976 1631 Besitze
1031 1593 1099 1631 der
1142 1591 1362 1630 Sarazenen
1416 1592 1674 1632 befindlichen
1717 1593 1851 1634 Stadte
1891 1593 2186 1644 Pharamia„

258 1652 408 1699 Laris,
452 1652 573 1691 Gaza
597 1652 694 1690 ·und
739 1652 948 1691 Askalon
994 1652 1065 1701 vgl.
1098 1651 1272 1690 Naheres
1306 1664 1351 1690 zu
1385 1654 1436 1699 11,
1465 1652 1595 1700 LXIV,
1628 1654 1644 1692 1
1679 1667 1706 1693 n
1736 1655 1779 1702 4;
1818 1655 1843 1694 3
1873 1667 1899 1693 n
1922 1655 1989 1702 143
2017 1653 2128 1702 LVII,

258 1726 283 1750 n
319 1713 340 1750 7
383 1713 462 1750 und
504 1715 533 1759 l,
575 1711 707 1757 XXXI,
743 1713 767 1750 8
808 1725 833 1750 n
867 1712 929 1750 23.
984 1733 1028 1738 —
1075 1714 1100 1749 6
1128 1711 1184 1749 Zu
1213 1711 1363 1761 Joppe
1391 1711 1465 1762 vgl.
1495 1714 1546 1759 11,
1578 1711 1640 1760 ΙΙΙ,
1676 1713 1718 1752 11
1759 1727 1785 1752 n
1815 1715 1879 1754 35.
1929 1736 1976 1742 —
2027 1717 2046 1753 7
2076 1705 2193 1752 Ube

258 1771 318 1810 die
350 1771 497 1810 damals
530 1772 605 1810 den
640 1771 818 1810 Franken
852 1771 1060 1822 geherigen
1093 1769 1368 1809 Kfistenstadte
1406 1770 1657 1819 Caesarea,
1698 1772 1980 1822 Ptolemais,
2009 1773 2191 1824 Tyrus

259 1831 404 1870 Sidon
434 1831 515 1869 und
544 1831 746 1880 Berytus
775 1844 805 1869 s.
837 1843 883 1869 zu
913 1833 942 1878 1,
973 1830 1075 1869 XXV
1106 1843 1159 1868 nn
1181 1831 1243 1868 39.
1267 1830 1334 1877 34,
1364 1831 1426 1869 29.
1458 1831 1521 1869 27.
1552 1831 1615 1870 26.
1658 1853 1706 1860 -
1753 1834 1778 1870 8
1806 1833 1893 1872 WT
1919 1833 2018 1881 XIII,
2048 1833 2100 1872 20
2127 1843 2182 1871 ez>

256 1892 395 1930 lautert
441 1891 544 1929 ohne
582 1889 735 1929 Zweifel
780 1889 935 1940 richtig:
988 1889 1255 1956 „explorantes
1295 1888 1472 1937 sollicite,
1521 1889 1552 1929 si
1599 1889 1690 1940 quid
1727 1890 1769 1930 in
1806 1891 1935 1943 aliqua
1961 1897 2159 1933 nostram

258 1950 411 1989 urbium
441 1949 573 1989 damni
602 1955 760 2001 possent
789 1950 970 2000 irrogare,
999 1954 1112 1988 aute
1095 1949 1126 1988 si
1156 1962 1254 1999 quos
1280 1948 1377 1987 forte
1396 1949 1551 1988 incaute
1570 1955 1858 2000 praetereuntes
1878 1953 1939 1992 vel
1957 1952 2152 1992 accedent·

257 2012 293 2051 in
326 2009 488 2060 Syriam,
519 2023 565 2048 ex
594 2009 815 2060 improviso,
845 2009 955 2059 quasi
983 2010 1031 2048 de
1051 2008 1200 2047 insidiis
1220 2007 1377 2059 egressi
1406 2014 1565 2058 possent
1585 2012 1812 2061 occupare‘.
1843 2033 1889 2039 ——-
1919 2015 1944 2050 9
1971 2013 2060 2059 ἐξ..
2037 2013 2061 2040 ‘¹’
2082 2024 2119 2051 u.
2193 2055 2195 2057 ,

258 2071 335 2108 Des
370 2070 526 2108 Trinku
520 2083 655 2108 assers
682 2083 816 2120 ueyen
833 2070 1024 2108 verlassen
1053 2070 1116 2107 die
1143 2060 1317 2119 Ᾱρῃρίεν
1344 2069 1429 2107 ihre
1457 2069 1611 2119 Schiffe,
1638 2083 1704 2108 um
1733 2070 1888 2111 Wasser
1914 2085 1962 2111 zu
1991 2072 2144 2122 schb'pf
2160 2114 2162 2116 ,
2191 2079 2196 2084 “

257 2131 371 2168 ωοόθὶ
393 2131 471 2168 130
481 2130 606 2168 Mann
632 2143 700 2168 von
716 2131 790 2168 den
806 2129 1044 2167 Beuolmern
1057 2130 1215 2167 Beiruts
1233 2129 1450 2178 erschlaqen
1474 2129 1636 2168 werden.
1674 2130 1750 2168 Die
1770 2131 1870 2170 Zahl
1886 2132 1959 2171 der
1975 2144 2049 2171 ans
2067 2132 2142 2170 La

253 2189 516 2238 qelcommenen
537 2189 775 2237 Schiffsleute
797 2190 880 2227 und
904 2190 975 2227 der
993 2189 1238 2239 c’iqyptischen
1257 2188 1409 2236 Schiffe.
1440 2209 1485 2214 -
1511 2187 1710 2228 situlae:
1740 2190 1802 2230 die
1826 2190 2119 2230 Wassereimer.

258 2251 303 2286 10
319 2248 448 2287 urbis
468 2248 745 2298 praefatae,
767 2247 789 2288 i.
805 2247 988 2298 e.Beryti.
1008 2270 1047 2276 -
1067 2250 1110 2285 11
1126 2246 1315 2286 additis
1337 2246 1438 2285 sibi
1458 2245 1765 2290 viatoribus:
1786 2249 2145 2290 nachdemsieLeu

257 2307 318 2346 die
346 2308 414 2346 des
444 2307 585 2358 Weges
614 2320 747 2357 zogen,
777 2307 846 2346 mit
874 2306 955 2346 sich
986 2319 1222 2357 genommen
1262 2305 1409 2345 hatten.
1469 2305 1554 2344 WT
1582 2307 1680 2356 XIII,
1710 2310 1763 2348 20
1790 2310 1929 2350 dachte
1957 2310 2039 2349 sich
2067 2322 2122 2349 un

258 2367 330 2405 (len
362 2366 589 2406 viatores:
624 2367 708 2414 „alii
749 2366 813 2416 qui
851 2368 899 2406 de
937 2366 1108 2405 finitimis
1152 2365 1314 2404 urbibus
1363 2366 1410 2404 ad
1453 2378 1588 2405 eorum
1625 2374 1890 2410 convenerant
1926 2366 2142 2409 subsidiu·'

258 2427 442 2465 wodurch
468 2427 609 2478 jedoch
630 2426 691 2465 die
711 2426 848 2465 Worte
868 2427 936 2466 Fu.
943 2426 973 2464 's
1002 2426 1242 2475 keineswegs
1262 2438 1389 2475 genau
1410 2424 1725 2477 wiedergegeben
1745 2429 1915 2469 werden.
1971 2428 2124 2468 viator

258 2485 344 2524 sind
373 2486 433 2524 die
463 2486 634 2524 Wandei
638 2499 690 2524 er
748 2486 843 2524 Dem
874 2485 971 2524 Sinn
1003 2484 1330 2536 entsprechender
1359 2485 1552 2524 iibersetzt
1571 2486 1706 2527 Guizot
1724 2488 1821 2529 267.
1854 2489 1945 2538 „des
1973 2500 2116 2540 voyage
2140 2486 2143 2488 ’

259 2544 322 2594 qui
352 2545 492 2583 etaient
529 2559 598 2596 par
636 2546 780 2584 hasard
817 2558 1004 2584 accourus
1049 2558 1096 2584 en
1136 2549 1195 2583 cet
1234 2543 1386 2582 endroit
1421 2546 1562 2584 s'etant
1593 2546 1714 2597 j0ints
1741 2551 1764 2587 a
1792 2549 1888 2588 eux‘
1935 2570 1988 2576 —
2016 2550 2062 2587 12
2101 2552 2113 2581 Ι
2182 2598 2184 2602 ³

259 2604 363 2642 selbc
394 2605 572 2643 Pradikat
602 2605 799 2655 piratae
828 2603 908 2655 gibt
936 2605 1004 2643 Fu.
1036 2606 1112 2643 den
1141 2602 1391 2654 agyptischen
1422 2603 1625 2644 Seeleuten
1653 2607 1763 2646 auch
1781 2611 1838 2656 11,
1867 2607 1928 2656 VI,
1945 2609 1969 2647 5
1997 2607 2078 2646 und
2131 2658 2134 2662 .

258 2664 346 2715 dem
375 2662 508 2702 litus
538 2664 813 2714 piraticus,
843 2663 913 2703 mit
942 2665 1031 2703 dem
1059 2663 1120 2702 die
1149 2663 1368 2702 Sarazenen
1399 2663 1475 2701 den
1505 2663 1686 2705 Christen
1715 2667 1970 2718 begegneten,
2006 2667 2131 2706 redet

258 2721 296 2760 in
326 2726 377 2769 11,
407 2722 535 2770 XLIV,
566 2725 602 2762 5
649 2746 692 2750 —
737 2726 782 2762 13
810 2728 954 2762 erant
995 2722 1078 2773 qui
1119 2723 1352 2762 exierant
1390 2722 1421 2760 V
1460 2722 1616 2764 milia:
1659 2724 1763 2766 diese
1797 2726 1893 2766 Zahl
1930 2726 2000 2766 hat
2025 2725 2113 2765 W'r
2177 2754 2181 2768 ι

258 2780 383 2819 seinei
422 2782 641 2832 Erz'ahlung
679 2775 939 2833 weggelassen
978 2782 1018 2821 in
1059 2784 1126 2822 der
1163 2781 1349 2832 richtigen
1380 2781 1603 2835 Annahme,
1641 2786 1717 2825 dati
1755 2785 1859 2826 diese
1885 2785 2049 2837 Angabe
2075 2782 2127 2824 F‘
2176 2785 2181 2795 '

258 2854 333 2879 nur
362 2841 418 2879 als
447 2841 533 2880 eine
561 2842 651 2880 sehr
681 2841 991 2892 unzuverlassige
1020 2842 1241 2892 Schatzung
1278 2854 1325 2879 zu
1354 2841 1580 2881 betrachten
1608 2843 1669 2884 ist.
1699 2869 1748 2874 -
1778 2847 1826 2884 14
1852 2846 1909 2885 Zu
1942 2850 1988 2884 tr
2001 2857 2123 2888 πθ,
2175 2878 2178 2887 .

259 2901 334 2938 vel
376 2906 517 2939 catos
563 2902 635 2951 vgl.
666 2905 716 2948 II,
746 2901 839 2949 LIII,
869 2903 893 2940 4
923 2915 948 2940 n
974 2903 1020 2940 19
1061 2903 1139 2940 und
1169 2904 1240 2948 111,
1270 2900 1369 2950 XIV,
1399 2901 1422 2938 2
1454 2914 1479 2939 n
1502 2903 1537 2941 7.
1607 2904 1650 2943 In
1691 2905 1837 2944 Betreff
1881 2906 1950 2944 des
1994 2904 2054 2944 Na
2080 2921 2112 2938 ιι

258 2960 331 2997 den
362 2961 431 2998 das
459 2960 649 2999 Katschiff
672 2961 790 3007 fohri,
821 2961 996 3000 bemerkt
1025 2961 1169 3012 Heyck,
1201 2962 1338 2999 Genua
1365 2972 1403 2998 u.
1425 2972 1455 2998 s.
1485 2960 1580 3002 Mar.
1612 2965 1682 3004 85:
1718 2963 1810 3012 ,Die
1843 2962 2014 3003 ‘Katzen’
2048 2972 2118 3012 νζ
2174 2972 2177 2978 “

259 3017 344 3056 eine
372 3019 846 3070 Belagcrungsmaschine,
876 3021 937 3059 die
966 3021 1033 3059 auf
1057 3021 1145 3059 dem
1177 3021 1308 3059 Lande
1335 3018 1435 3056 oster
1462 3021 1674 3070 gebraucht
1693 3023 1868 3063 wurden.
1906 3022 2051 3069 Wahrs
2084 3019 2125 3056 .·.²
2157 3028 2175 3034 “’

257 3077 331 3115 lich
374 3078 501 3116 haben
541 3079 632 3130 jenc
660 3080 882 3130 Fahrzeuge
927 3080 1034 3119 einer
1075 3080 1284 3119 ahnlichcn
1325 3077 1394 3117 auf
1433 3081 1551 3120 ihnen
1594 3083 1883 3133 angebrachten
1919 3080 2082 3121 Vorrich
2110 3079 2126 3127 ζ

259 3136 369 3179 ihren
398 3137 547 3176 Namen
584 3152 629 3177 zu
673 3140 907 3178 verdanken.
964 3139 1028 3178 Ihr
1067 3139 1311 3178 mannliches
1340 3140 1570 3180 Geschlecht
1608 3140 1704 3180 wird
1741 3141 1781 3180 in
1810 3142 1899 3180 dem
1927 3140 2034 3180 Falle
2057 3141 2083 3180 d
2117 3143 2120 3148 ’

259 3195 487 3246 Erganzung
534 3196 639 3236 einer
697 3198 1017 3249 Sehiffsgattung‚
1066 3200 1183 3238 deren
1229 3200 1380 3239 Namen
1428 3213 1545 3240 masc.
1594 3199 1746 3251 generis
1800 3213 1900 3248 war,
1946 3203 2116 3239 eatstan
2167 3221 2177 3265 3
