2216 3438
220 197 290 231 518
306 195 469 230 Fulcheri
480 194 712 231 Carnotensis
722 194 878 230 Historia
889 193 1227 238 Hierosolymitana.
1241 214 1286 219 —
1297 194 1374 229 Lib.
1383 194 1427 237 H,
1434 205 1511 239 cap.
1520 194 1614 229 XXX
1619 194 1692 238 VII,
1700 195 1722 228 5
1730 206 1739 237 ;
1747 205 1823 240 cap.
1831 194 2020 234 XXXVIII.
2031 195 2062 230 1.

96 313 205 341 a·110⁷
224 306 434 358 tingereta
470 304 580 347 mori
621 317 754 359 quam
788 305 918 358 fugae
949 304 1130 346 infamia
1161 301 1471 358 postmodumb
1500 304 1657 346 notari.
1705 304 1871 359 impetu
1891 304 2022 358 igitur
2043 317 2145 347 mox

220 377 263 418 in
295 389 371 418 eos
402 376 516 418 facto
548 378 893 426 momentaneoc,
925 376 1084 417 mirum
1116 376 1160 417 in
1191 375 1370 417 modum
1403 375 1605 417 hostilem
1634 375 1770 417 aciem
1792 377 2143 430 penetraverunt,

219 447 535 502 prosternendo
566 460 642 489 eos
674 449 718 489 et
749 447 1000 489 occidendo.
1064 447 1109 488 in
1141 443 1257 501 quod
1289 446 1524 489 certamine
1556 459 1656 489 cum
1688 447 1829 489 acrius
1861 446 2068 489 Saraceni
2098 460 2144 489 se

219 518 415 560 viderent
455 518 655 568 conterie,
700 518 991 560 audacitatem
1036 531 1162 560 suam
1202 515 1414 560 Dominof
1454 519 1626 560 volente
1669 518 1941 572 perdentesss,
1983 518 2144 560 bellare

220 592 512 632 cessaverunt.
576 587 645 643 [5]
679 589 798 644 quod
844 603 943 631 cum
987 586 1215 631 viderent1¹
1247 589 1404 631 milites
1435 586 1603 638 nostri¹,
1636 589 1857 644 potentius
1887 603 1964 632 eos
1994 603 2143 644 perva-

220 657 411 712 seruntk‚
453 663 497 703 et
537 674 648 715 quos
690 661 748 702 illi
789 658 955 714 fugere¹
997 663 1275 715 putaverunt,
1320 674 1396 702 eos
1436 660 1573 703 nostri
1610 661 1759 714 fugere
1790 657 2147 715 compulerunt.²⁰

220 732 274 774 de
316 732 474 786 quibus
514 733 660 786 plures
702 732 952 774 occiderunt
996 735 1039 774 et
1079 732 1134 774 de
1167 732 1291 786 equis
1322 745 1474 775 eorum
1505 732 1714 787 plurimos
1744 732 2027 774 retinuerunt.
2087 733 2146 775 *de

218 803 464 845 militibusm
496 804 654 846 nostris
686 817 775 846 non
806 804 904 858 plus
942 817 1076 858 quam
1109 804 1191 845 IIIn
1233 803 1516 858 perdidimus.
1579 803 1684 846 sed⁰
1715 803 1914 846 clientela
1944 801 2144 846 eorum¹¹

220 875 274 916 de
314 875 516 916 iumentis
556 875 715 918 nostris
753 876 950 930 aliquotp
982 876 1271 925 abduxerunt,
1304 875 1359 917 de
1392 875 1481 917 suis
1512 875 1649 917 nostri
1681 875 1919 918 talionemq
1951 875 2146 930 duplica-

219 943 428 988 verunt.¹²

1053 1053 1272 1095 XXXVIII
1281 1058 1307 1094 Υ.

286 1133 405 1181 Quod
436 1133 728 1178 Boamundus,
762 1133 1026 1183 adgregatos
1058 1133 1268 1181 exercitu,
1301 1134 1470 1172 terram
1499 1133 1784 1183 imperatoris
1813 1129 2078 1173 vastabat}

341 1205 410 1262 [1]
427 1208 591 1251 Eodem
605 1214 623 1234 ¹¹
657 1209 899 1263 siquidemv
932 1222 1048 1251 anno
1058 1205 1087 1259 ²,
1111 1211 1344 1263 postquam
1369 1208 1654 1250 Boamundus
1676 1208 1730 1250 de
1752 1207 1900 1251 Galliis
1922 1221 2143 1263 regressus

339 1331 358 1351 a
383 1327 571 1368 contigeret
604 1335 642 1364 E:
678 1327 879 1369 contiuyere
912 1335 947 1360 n.
987 1345 1031 1350 —
1069 1324 1090 1351 b
1118 1329 1198 1368 post
1231 1325 1317 1359 haec
1351 1326 1577 1367 ABFGIORB.
1615 1343 1660 1350 —-
1697 1330 1716 1351 0
1742 1326 1878 1369 impetu
1911 1327 2027 1369 igitur
2059 1329 2145 1359 tunc

220 1377 471 1417 momentaneo,
497 1375 605 1416 quasi
629 1373 725 1406 nihil
750 1377 895 1416 praeter
919 1374 1034 1407 Deum
1060 1377 1251 1406 metuentes
1275 1374 1499 1415 Aarolonss.
1536 1392 1579 1397 —-
1613 1371 1635 1398 d
1661 1376 1693 1406 et
1723 1373 1912 1407 occidendo
1942 1377 1974 1406 et
1993 1383 2064 1417 per
2087 1383 2145 1407 eos

219 1421 441 1455 transeundo
466 1425 498 1454 et
520 1431 588 1464 per
612 1431 669 1454 eos
693 1421 908 1455 revertendo.
960 1431 1028 1464 quo
1053 1423 1093 1454 in
1117 1421 1346 1459 Assrmonss.
1373 1440 1418 1445 —
1443 1426 1461 1446 e
1479 1431 1516 1454 se
1536 1421 1680 1464 proteri
1703 1424 1888 1454 cernerent
1911 1422 2143 1463 ΑΒΡαιοΒβ.

208 1486 265 1492 «-
293 1467 386 1502 fdeo
411 1469 638 1510 ABerRB.
671 1488 716 1493 —
751 1475 771 1500 g
790 1469 935 1502 omnino
955 1469 1147 1512 perdentes
1171 1469 1399 1510 Assrmonss.
1437 1488 1478 1493 —
1514 1466 1536 1493 h
1557 1470 1810 1511 comperissent
1834 1469 2062 1511 Anrulonss.
2097 1489 2141 1494 —

219 1514 349 1550 ideest
374 1526 406 1550 x.
436 1535 475 1540 —
514 1514 535 1540 k
554 1517 764 1550 invaserunt
790 1527 822 1550 κ.
859 1535 903 1539 -
940 1514 1102 1559 lfuyare
1126 1516 1249 1558 Εδμρ.
1285 1536 1329 1540 -
1364 1521 1398 1541 ¹1²
1423 1526 1504 1549 vero
1529 1515 1610 1549 add.
1636 1516 1835 1558 ΑΒΡσιιῑβ.
1876 1533 1917 1538 -
1952 1519 2070 1550 utres
2092 1515 2144 1549 ibi

218 1564 536 1605 Annrcnxxonss.
567 1582 602 1587 —
635 1569 654 1589 o
674 1566 708 1596 si
731 1573 943 1603 Anrmotz:
970 1564 1031 1597 sed
1055 1566 1090 1597 si
1114 1573 1146 1606 ρ.
1175 1582 1219 1587 —
1245 1569 1266 1596 Ρ
1285 1564 1435 1607 aliquod
1461 1574 1490 1597 Ε.
1517 1582 1563 1587 -
1594 1569 1616 1595 q
1634 1562 1704 1596 eibi
1726 1561 1808 1597 add.
1833 1564 2024 1606 ΑΒΡΗοβς
2063 1563 2144 1597 tali·

217 1621 313 1644 orem
338 1611 407 1644 sibi
432 1622 465 1644 n.
505 1631 550 1636 —
588 1617 602 1636 r
627 1615 734 1655 caput
759 1611 941 1645 XXXVI
960 1612 1026 1653 δμ.
1063 1631 1107 1636 -
1145 1617 1160 1636 S
1186 1615 1396 1654 conqreyato
1421 1621 1451 1645 P.
1487 1630 1534 1634 —
1569 1611 1582 1636 t
1607 1611 1650 1644 de
1674 1610 1787 1644 classe
1811 1614 1844 1644 et
1868 1613 2028 1645 exercitu
2051 1611 2143 1647 Boa-

219 1659 347 1692 mundi
371 1663 402 1691 et
427 1660 576 1692 victoria
602 1661 678 1692 eius
703 1669 741 1694 K:
767 1661 919 1692 vastavit
945 1669 977 1702 ρ.
1006 1677 1048 1683 -
1076 1665 1095 1684 u
1115 1661 1195 1703 ipso
1221 1669 1286 1693 HK.
1316 1676 1355 1682 —
1385 1665 1404 1684 v
1424 1662 1542 1692 autem
1566 1659 1798 1701 Ain-moab.

219 1794 263 1829 10
291 1791 348 1829 Zu
377 1791 546 1841 fugere
586 1790 919 1840 compulerunt
955 1791 1027 1840 vgl.
1057 1793 1087 1837 1,
1117 1803 1149 1830 c.
1179 1790 1331 1840 XXVII,
1373 1791 1443 1837 10;
1471 1790 1624 1838 XXXV,
1652 1791 1699 1838 33
1728 1793 1781 1838 11,
1816 1803 1849 1829 c.
1877 1789 1996 1837 XXX,
2023 1791 2061 1829 3.
2094 1812 2140 1816 —

219 1853 262 1889 11
284 1851 341 1889 Zu
370 1849 607 1889 clientela
635 1863 795 1889 eorum
818 1851 889 1900 vgl.
910 1863 942 1889 c.
964 1850 1012 1888 111
1032 1850 1139 1889 n12.
1159 1872 1204 1877 —
1227 1853 1273 1888 12
1294 1849 1431 1890 Guizot
1453 1851 1549 1889 158:
1585 1850 1704 1898 „mais
1734 1849 1823 1889 bien
1851 1849 1938 1900 plus
1965 1850 2013 1889 de
2039 1850 2143 1889 leurs

218 1910 324 1950 betes
353 1910 572 1949 tomberent
600 1922 676 1948 aux
705 1910 832 1949 mains
861 1910 908 1949 de
938 1923 1010 1948 nos
1038 1922 1146 1960 gens,
1177 1909 1241 1959 qui
1262 1909 1408 1960 prirent
1427 1909 1525 1949 ainsi
1553 1910 1637 1949 leur
1664 1909 1857 1949 revanche
1883 1922 1934 1949 au
1962 1908 2142 1949 double“.

341 1973 362 2008 1
390 1961 498 2008 Uber
526 1970 601 2008 den
631 1968 877 2008 zwischen
908 1969 1157 2008 Boemund
1195 1970 1288 2008 und
1327 1969 1528 2008 Alexios
1570 1982 1677 2008 vom
1716 1969 1881 2009 Oktob.
1915 1969 2042 2008 1107
2071 1968 2142 2008 bis
2187 2005 2207 2020 ,

218 2029 341 2080 Sept.
376 2030 391 2068 1
411 2029 497 2068 108
526 2029 664 2078 gestih
677 2033 747 2067 rte
758 2043 782 2067 n
804 2029 952 2079 Krieg
972 2029 1171 2068 berichten
1192 2030 1290 2068 auch
1313 2029 1366 2068 im
1386 2028 1543 2079 Auszug
1562 2041 1634 2067 aus
1653 2028 1722 2068 Fu.
1743 2027 1894 2068 Lisiard
1915 2029 1995 2068 568
2009 2028 2140 2076 D—F,

217 2089 305 2127 WT
333 2088 396 2136 XI,
427 2089 464 2135 6,
495 2087 593 2127 Hist.
622 2087 704 2126 Nic.
735 2088 792 2127 vel
822 2089 914 2127 Ant.
948 2089 1019 2127 181
1044 2089 1073 2127 C
1104 2089 1184 2127 und
1214 2089 1239 2127 li
1269 2089 1418 2127 Estoire
1447 2089 1525 2127 643
1554 2088 1589 2135 1;
1628 2087 1784 2128 weiterc
1812 2087 2000 2136 Berichte‚
2041 2089 2140 2127 doch

217 2149 322 2187 ohne
350 2148 496 2187 direkte
524 2147 860 2186 Verwandlschaft
889 2147 958 2186 mit
986 2148 1091 2187 Fu.'s
1119 2148 1354 2199 Erzahlung,
1383 2148 1507 2199 geben
1538 2147 1599 2186 die
1626 2147 1805 2187 Narratio
1834 2147 1995 2188 Florian.
2015 2149 2090 2187 361
2110 2147 2140 2186 Β

217 2207 276 2246 bis
305 2209 383 2246 362
398 2208 443 2252 G,
472 2207 563 2246 Ord.
594 2206 667 2246 Vit.
698 2207 759 2253 IV,
789 2208 1014 2254 240—243,
1060 2207 1159 2246 Hist.
1182 2208 1218 2247 b.
1246 2208 1344 2247 sacri
1373 2221 1404 2247 c.
1429 2209 1517 2254 142,
1547 2207 1634 2247 Alb.
1662 2207 1710 2255 X,
1739 2208 1911 2254 40-45,
1939 2207 2141 2247 TortarIus

217 2267 255 2305 in
286 2268 375 2305 dem
403 2267 505 2305 noch
535 2267 826 2317 ungedruckten
847 2266 1032 2306 Gedichte
1056 2266 1110 2305 im
1131 2267 1223 2307 Cod.
1244 2268 1361 2307 Vatic.
1385 2268 1478 2318 Reg.
1500 2266 1642 2306 Christ.
1677 2267 1792 2315 1357,
1821 2266 1886 2306 fol.
1910 2267 2140 2313 123-132;

217 2340 281 2365 am
309 2326 635 2365 ausfiihrlichsten
666 2326 783 2365 Anna
810 2326 951 2365 Komn.
980 2326 1005 2365 l.
1034 2326 1114 2373 XII,
1145 2340 1177 2366 c.
1200 2328 1319 2366 9und
1333 2327 1430 2374 XIII,
1460 2340 1492 2366 c.
1518 2327 1648 2365 1-10
1676 2326 1784 2375 (Rec.
1814 2339 1877 2377 pp.
1901 2326 2139 2374 118—165).

218 2386 285 2424 Fu.
311 2385 392 2435 gibt
420 2386 518 2424 auch
548 2385 632 2424 hier
662 2398 736 2424 nur
765 2384 879 2435 einen
899 2386 1042 2424 kun-zen
1065 2386 1188 2425 Abriss
1209 2387 1304 2425 iiber
1325 2387 1386 2426 die
1405 2385 1788 2437 hauptsachlichsten
1808 2384 2140 2432 Vorkornmnisse,

218 2445 353 2484 soweit
381 2445 436 2484 sie
464 2446 539 2484 den
569 2445 894 2496 Morgenlandern
925 2445 1096 2484 bekannt
1137 2447 1345 2496 geworden
1384 2446 1484 2492 sind,
1522 2446 1626 2484 ohne
1654 2444 1717 2484 ins
1745 2445 1868 2484 Detail
1897 2445 1979 2483 sich
2009 2444 2135 2483 einzu-
2215 2460 2216 2490 3

216 2505 357 2552 lassen‚
388 2504 712 2544 wahrscheinlich
751 2504 837 2543 weil
866 2517 906 2543 er
934 2503 1005 2543 mit
1030 2503 1120 2543 dem
1152 2506 1311 2544 Verlauf
1341 2506 1394 2544 im
1430 2505 1631 2544 einzelnen
1661 2505 1760 2544 auch
1791 2503 1899 2543 nicht
1926 2504 2050 2543 naher
2077 2504 2140 2543 be·
2214 2537 2216 2559 3

216 2564 339 2602 kannt
367 2577 460 2609 war.
518 2564 593 2603 Der
621 2564 747 2603 Inhalt
776 2565 844 2602 der
872 2564 1066 2603 zwischen
1095 2564 1253 2604 Alexios
1291 2566 1372 2604 und
1402 2565 1605 2604 Boemund
1642 2564 1909 2614 festgesetzten
1941 2563 2139 2603 Friedens-
2213 2561 2216 2614 j

217 2623 491 2674 bedingungen
521 2623 559 2661 in
589 2636 620 2662 c.
650 2623 807 2662 XXXIX
834 2623 884 2662 ist
912 2623 1097 2662 ebenfalls
1127 2637 1201 2662 nur
1239 2638 1336 2674 ganz
1375 2624 1412 2663 in
1444 2624 1570 2663 Kiirze
1607 2623 1796 2662 erwahnt.
1855 2621 2024 2673 Wichtig
2052 2622 2140 2661 sind
2192 2626 2202 2657 f

217 2682 277 2721 die
306 2682 399 2722 zwei
427 2695 602 2733 genauen
635 2682 979 2733 Datumsangaben
1008 2682 1048 2721 in
1072 2683 1215 2721 Betreff
1239 2684 1308 2722 des
1338 2683 1514 2733 Anfangs
1543 2683 1611 2722 des
1638 2682 1796 2732 Krieges
1824 2681 1864 2720 in
1883 2694 1916 2722 e.
1936 2681 2139 2729 XXXVIII,
2214 2683 2216 2687 ’

220 2743 254 2781 1.
276 2743 312 2789 2,
343 2743 512 2792 dagegen
530 2742 732 2793 jedenfalls
752 2755 799 2780 zu
818 2742 920 2780 hoch
950 2742 1131 2792 gegriffen
1161 2742 1222 2781 die
1243 2743 1433 2793 Angaben
1454 2744 1550 2781 iiber
1579 2742 1640 2782 die
1668 2742 1798 2781 Griffie
1825 2742 1893 2780 des
1921 2741 2140 2781 Boemund·
2199 2788 2201 2792 .

218 2801 337 2839 schen
367 2801 513 2840 Heeres
541 2800 580 2839 in
611 2802 690 2848 §2
747 2802 845 2840 Gule
864 2801 1158 2851 Darstellungen
1189 2803 1257 2840 des
1277 2803 1487 2852 Feldzuges
1506 2801 1575 2840 auf
1590 2802 1725 2841 Grund
1753 2802 1821 2840 der
1849 2800 2139 2840 obenverzeich-
2195 2818 2198 2819 ⁷

218 2865 333 2898 neten
354 2860 515 2907 Quellen
537 2861 661 2910 geben
683 2860 806 2899 RGKJ
834 2861 1006 2908 64-67,
1037 2860 1250 2910 Hertzberg
1278 2862 1357 2900 280
1370 2862 1395 2900 f.
1418 2862 1499 2900 und
1518 2861 1748 2900 Chalandon
1777 2861 2009 2908 236—2503
2038 2860 2138 2899 auch
2195 2854 2204 2872 '⁷

218 2918 278 2957 die
305 2919 487 2958 friiheren
517 2933 592 2957 von
622 2920 675 2958 Le
706 2920 808 2958 Beau
836 2919 875 2958 in
906 2919 1075 2958 Histoire
1104 2920 1155 2957 du
1184 2919 1422 2970 Bas-empire
1440 2920 1559 2958 XVIII
1588 2920 1739 2968 (1775),
1758 2932 1795 2969 p.
1815 2919 2030 2958 326—389
2057 2918 2139 2957 und

219 2977 433 3028 diejenigen
470 2978 648 3018 Wilkens
685 2979 724 3017 in
763 2979 901 3018 Gesch.
947 2979 1014 3018 der
1051 2979 1208 3019 Kreuzz.
1248 2979 1292 3026 11,
1330 2981 1409 3018 305
1447 2981 1528 3018 und
1556 2979 1595 3018 in
1635 2979 1775 3018 dessen
1803 2978 1894 3017 Rer.
1923 2978 1973 3017 ab
2001 2977 2138 3016 Alexio
2195 2989 2200 3022 1,

218 3042 311 3086 gest.
341 3039 567 3085 394—440,
598 3038 657 3077 die
686 3052 753 3077 um
782 3038 898 3077 vieles
926 3038 1210 3077 ausl'iihrlicher
1239 3038 1338 3086 sind,
1379 3039 1502 3089 geben
1532 3043 1623 3089 gute
1650 3037 1832 3077 kritische
1863 3036 2017 3084 WInke,
2055 3048 2137 3075 was
2195 3039 2197 3041 ’

219 3096 388 3145 weniger
416 3098 483 3136 der
512 3098 591 3136 Fall
619 3097 668 3136 ist
697 3098 757 3136 bei
787 3098 925 3137 Haken
954 3098 998 3144 II,
1029 3098 1241 3136 202—204
1279 3099 1360 3136 und
1398 3098 1569 3136 Raumer
1597 3097 1624 3145 Ι,
1654 3097 1880 3136 372—378.
1937 3095 2032 3135 Eine
2059 3095 2137 3134 ein·
2198 3093 2201 3098 ’

218 3155 392 3203 gehende
420 3156 600 3195 kritische
630 3157 887 3207 Behandlung
914 3158 982 3195 des
1010 3156 1196 3206 Feldzugs
1225 3157 1450 3196 Boemunds
1478 3170 1599 3207 gegen
1628 3155 1798 3202 Alexios,
1836 3155 1909 3194 wie
1937 3154 2136 3194 seinerzeit
2172 3184 2173 3187 η

219 3213 430 3260 Schwartz,
460 3214 529 3253 Die
558 3216 745 3265 Feldziige
776 3216 918 3254 Robert
949 3215 1169 3262 Guiscards,
1208 3216 1308 3254 nach
1347 3216 1422 3254 den
1461 3215 1623 3263 Quellen
1661 3215 1880 3265 dargestellt
1917 3215 1995 3262 hat,
2034 3213 2136 3253 steht
2174 3212 2182 3215 ’
