2216 3438
609 164 668 202 111.
696 164 761 203 Die
786 164 950 205 Berichte
975 164 1065 202 uber
1089 164 1152 202 ‹las
1177 177 1278 202 sacci·
1303 163 1404 211 ignis.
1895 165 1964 202 835

49 284 92 313 se
118 274 280 317 coniecit
307 281 357 326 et,
385 272 567 331 manibus
596 273 789 325 expansis,
818 274 1005 325 lacrymas
1032 273 1177 314 ibidem
1205 273 1400 313 uberrime
1428 272 1536 313 fudit.
1583 279 1619 314 et
1649 271 1775 314 omnis
1795 275 1902 326 plebs
1922 280 1965 314 ut

26 345 30 350 ⁴
49 331 152 381 vidit,
181 334 298 376 simul
325 348 418 376 cum
445 346 491 374 eo
512 333 718 384 lacrymati
746 338 839 373 sunt
867 338 904 373 et
931 334 980 373 ad
1009 338 1152 373 terram
1181 331 1361 384 prostrati
1389 337 1546 372 orantes
1574 338 1612 373 et
1631 335 1892 385 deprecantes,
1922 340 1965 374 ut

49 397 85 432 et
114 391 187 434 sibi
215 400 253 435 et
278 394 373 447 ipsis
401 391 592 434 Dominus
621 391 904 444 propitiaretur.
961 405 1118 444 vespere
1146 397 1278 432 autem
1306 392 1418 440 facto,
1447 405 1585 432 omnes
1613 392 1888 443 discesserunt,
1928 399 1966 434 et

48 450 208 503 quidam
247 467 316 507 per
355 451 536 494 ecclesias
578 453 725 493 orando
767 457 888 492 totam
930 456 1085 492 noctem
1125 451 1348 492 insomnem
1389 452 1596 492 duxerunt.
1666 451 1707 492 in
1748 451 1832 504 ipsa
1874 466 1965 493 vero

0 511 1 523 ¹
49 511 207 553 ecclesia
235 512 410 566 Sepulcri
451 513 582 552 nullus
622 525 824 552 remanere
865 525 986 552 ausus
1025 517 1104 552 est:
1146 510 1385 563 prohibitum
1419 510 1525 551 enim
1554 512 1689 560 suerat,
1726 525 1775 552 ne
1804 512 1891 563 quis
1919 526 1965 553 ea

49 577 161 612 nocte
188 578 404 614 remaneret
430 570 505 620 ibi;
535 572 603 611 sed
630 570 757 611 ianuis
785 570 939 620 clausis,
969 576 1078 611 extra
1106 570 1172 622 qui
1201 571 1311 611 vellet
1339 571 1547 610 excubaret
1566 576 1603 611 et
1623 572 1670 611 de
1690 576 1797 612 tanto
1817 571 1964 612 lumine

49 630 256 684 populique
281 630 458 674 laetantis
486 637 523 671 et
551 629 780 671 exsultantis
807 636 973 680 caterva,
1003 644 1080 682 qua
1107 629 1244 670 cotidie
1271 629 1312 670 in
1341 629 1410 670 Dei
1438 629 1618 670 laudibus
1646 629 1730 682 ipsa
1759 632 1965 671 decoratur

49 690 220 740 ecclesia,
249 705 359 732 sacra
385 690 450 732 illa
477 695 590 731 nocte
617 688 810 730 dominica
837 695 918 730 tam
944 689 1092 730 lumine
1121 703 1239 741 quam
1267 688 1398 742 populi
1426 689 1641 740 frequentia
1670 689 1816 742 privata
1844 697 1902 731 est
1928 697 1965 731 et

49 750 213 802 ploranti
253 757 368 803 atque
404 749 549 791 dolenti
587 748 721 790 similis
761 748 846 801 ipsa
882 748 1058 801 lugubris
1098 748 1284 790 remansit
1318 755 1355 789 et
1390 750 1572 789 tenebrae
1599 763 1686 789 eam
1713 751 1964 802 comprehen-

47 810 200 851 derunt.
255 824 398 852 aurora
436 809 602 851 subinde
641 808 810 849 crastina
846 809 1104 858 illucescente,
1143 814 1337 850 reseratur
1374 822 1397 849 a
1430 808 1658 849 custodibus
1701 809 1870 858 ecclesia,
1908 809 1964 849 in-

55 867 243 915 rediente
269 875 351 911 tam
377 871 480 910 clero
508 883 626 921 quam
654 869 796 921 populo
824 874 862 909 et
889 869 1022 909 lumen
1052 874 1145 909 tunc
1164 869 1301 909 saltem
1319 867 1492 908 invenire
1512 873 1724 920 sperantes,
1754 883 1858 910 unus
1879 876 1964 921 post

47 929 212 969 alterum
243 928 378 970 limina
413 928 713 982 comprimentes
755 934 792 969 et
827 929 1026 981 lampades
1064 928 1237 980 undique
1271 928 1479 976 intuentes,
1516 928 1622 968 nulla
1650 930 1778 968 adhuc
1806 928 1964 969 luminis

48 987 205 1040 vestigia
241 989 280 1030 in
318 988 410 1030 totis
445 987 688 1040 lampadibus
726 993 992 1040 reppererunt.
1049 993 1219 1028 reserato
1247 987 1415 1039 denique
1444 986 1541 1028 ostio
1571 987 1747 1039 Sepulcri
1775 994 1813 1028 et
1840 988 1964 1029 tribus

47 1047 228 1089 ecclesiae
255 1048 431 1101 personis
459 1047 754 1100 religiosissimis
782 1061 874 1087 cum
892 1047 1115 1088 Daimberto
1142 1046 1459 1098 ingredientibus,
1490 1046 1586 1086 nihil
1606 1046 1749 1088 ibidem
1769 1054 1965 1100 repertum

0 1130 1 1152 1
46 1112 118 1148 ost.
173 1113 267 1148 tunc
303 1107 446 1149 iterum
481 1121 634 1148 maeror
671 1113 708 1148 et
741 1107 868 1147 luctus
897 1121 920 1147 a
947 1106 1051 1147 clero
1079 1112 1116 1147 et
1145 1107 1251 1147 omni
1281 1107 1423 1159 populo
1451 1105 1491 1146 in
1521 1107 1672 1147 excelso
1701 1113 1859 1148 exortus
1887 1114 1963 1157 est;

5 1154 27 1198 i
55 1180 92 1206 c
127 1166 160 1208 si
196 1173 287 1208 ante
320 1167 416 1208 nibil
453 1166 656 1216 luxissent,
689 1169 731 1217 fit
764 1169 945 1219 ploratus
978 1169 1013 1207 et
1045 1167 1217 1207 ululatus
1253 1168 1408 1216 multus,
1447 1180 1513 1206 ceu
1541 1168 1685 1206 Rachel
1718 1181 1802 1207 cum
1831 1172 1966 1208 ceteris

46 1228 235 1268 matribus
261 1229 417 1278 defleret
441 1229 542 1278 filios
569 1240 668 1267 suos.
725 1240 793 1266 rex
820 1225 904 1278 ipse
932 1225 1146 1266 Balduinus
1175 1225 1315 1266 anxius
1344 1231 1382 1266 et
1408 1224 1527 1266 tristis
1555 1231 1646 1266 ante
1675 1227 1774 1266 sores
1791 1226 1964 1279 Sepulcri

37 1298 91 1327 se
125 1285 283 1337 proiecit
319 1291 358 1327 et
392 1285 670 1327 desolationem
706 1285 838 1338 populi
874 1285 947 1325 sibi
986 1291 1023 1325 et
1059 1284 1328 1336 iniquitatibus
1364 1284 1445 1325 suis
1473 1284 1702 1336 imputabat.
1759 1300 1830 1326 nec
1859 1287 1964 1326 enim

43 1349 162 1386 'antea
202 1359 321 1398 quam
356 1345 439 1399 ipse
476 1360 543 1386 rex
577 1351 736 1386 vocatus
773 1344 920 1393 suisset,
958 1350 1131 1397 tempore
1168 1345 1401 1396 cuiusquam
1438 1343 1620 1396 principis
1649 1345 1701 1384 ibi
1729 1345 1964 1386 dominantis

8 1441 10 1454 ,
58 1417 122 1445 ·oc
149 1403 408 1446 infortunium
435 1404 474 1446 in
504 1406 743 1446 Iherusalem
771 1404 978 1453 acciderat;
1008 1410 1241 1456 quapropter
1269 1405 1347 1444 fere
1375 1403 1548 1456 deposito
1587 1403 1815 1453 diademate,
1855 1405 1963 1457 regni

8 1456 10 1486 ἶ
59 1462 267 1516 ·rincipatu
308 1469 346 1505 et
382 1464 556 1505 dominio
593 1478 635 1505 se
669 1463 788 1504 voluit
816 1464 979 1516 privare,
1008 1464 1083 1504 nisi
1109 1478 1133 1504 a
1160 1463 1394 1515 quibusdam
1425 1463 1549 1504 verbis
1577 1463 1843 1504 consolatoriis
1871 1479 1964 1505 mox

9 1534 10 1540 ¹
49 1528 152 1564 esset
187 1524 454 1565 confirmatus.
511 1525 668 1565 suerunt
704 1523 821 1564 etiam
857 1529 987 1563 tamen
1026 1522 1184 1575 quidam
1213 1523 1279 1575 qui
1307 1522 1542 1563 coniicerent
1570 1522 1671 1563 intra
1700 1537 1754 1572 se,
1783 1526 1964 1575 quemad-

60 1583 211 1623 nodum
250 1588 288 1624 et
325 1597 492 1636 regnum
529 1589 566 1624 et
600 1582 858 1624 sacerdotium
886 1581 1107 1623 Christiano
1136 1583 1323 1635 potiretur
1351 1583 1525 1634 imperio,
1554 1581 1696 1623 idcirco
1722 1582 1872 1623 lumine
1899 1583 1964 1623 illo

41 1641 204 1682 <velasti
231 1656 311 1683 non
339 1641 529 1695 indigere3
568 1642 679 1683 sicuti
707 1656 753 1682 eo
781 1648 954 1694 tempore
988 1643 1252 1683 necessarium
1281 1648 1374 1691 erat,
1410 1643 1565 1693 quando
1594 1642 1712 1682 Turci
1751 1649 1787 1683 et
1816 1644 1964 1684 Arabes

46 1700 351 1743 ominabantur
378 1701 416 1742 in
447 1703 556 1751 urbe,
586 1701 652 1753 qui
681 1701 714 1742 si
742 1715 821 1742 non
852 1701 1036 1742 vidissent
1064 1715 1222 1753 quoquo
1251 1715 1356 1742 anno
1384 1702 1480 1742 haec
1508 1701 1598 1742 talia
1635 1702 1728 1751 fieri,
1767 1708 1803 1743 et
1832 1703 1964 1754 Sepul-

129 1779 149 1796 ι·
199 1766 236 1802 et
277 1760 361 1802 eius
402 1762 582 1810 cultores,
627 1766 816 1812 quotquot
860 1761 1100 1801 invenissent
1137 1760 1378 1801 Christianos
1416 1761 1660 1802 delevissent.
1717 1763 1813 1802 haec
1841 1768 1877 1802 et
1904 1762 1966 1802 his

66 1818 187 1861 ···‘'lia
226 1821 275 1862 ad
315 1820 622 1862 consolationem
661 1820 827 1861 invicem
867 1820 1027 1872 quidam
1067 1820 1332 1861 ruminabant.
1390 1826 1426 1861 et
1460 1819 1539 1861 iam
1575 1820 1687 1872 quasi
1716 1821 1838 1873 prima
1867 1823 1964 1862 hora

50 1885 330 1929 -ιῐειεῑετειιῐιῐε,
371 1879 462 1932 quid
502 1886 619 1932 agant
657 1894 793 1920 omnes
832 1879 1024 1932 ignorant,
1060 1879 1201 1920 scilicet
1229 1894 1278 1920 an
1309 1881 1443 1920 flentes
1472 1879 1658 1920 diurnum
1686 1880 1868 1930 officium,
1897 1881 1963 1932 qui

133 1944 271 1980 cantus
298 1939 475 1988 laetitiae,
503 1939 689 1992 incipiant
717 1954 767 1980 an
800 1939 960 1980 omnino
989 1939 1138 1980 sileant.
1195 1941 1352 1980 tandem
1379 1941 1476 1980 haec
1504 1939 1601 1980 sedit
1630 1939 1840 1981 sententia:
1870 1955 1963 1992 quo-

50 1998 156 2039 ·=iam
183 1998 383 2040 Salomoni
418 2012 649 2040 concessum
686 1998 806 2039 fuisse
842 2014 865 2039 a
892 1998 1060 2039 Domino
1096 1999 1246 2050 legitur,
1281 2004 1324 2039 ut
1352 1998 1385 2039 si
1413 1999 1499 2050 quis
1529 2013 1626 2051 puro
1655 2001 1771 2040 corde
1800 1999 1962 2040 oraverit

70 2075 88 2092 ⁴·
138 2057 402 2099 sanctuarium
441 2057 524 2099 eius
560 2058 832 2110 orationesque
868 2058 907 2098 in
946 2059 1029 2099 loco
1065 2057 1130 2098 illo
1164 2060 1211 2098 de
1240 2072 1485 2110 quacumque
1513 2058 1691 2110 angustia
1720 2058 1870 2107 fuderit,
1901 2074 1962 2099 ex-

59 2117 247 2158 udiretur
273 2117 315 2158 in
342 2120 505 2166 caelum,
535 2120 583 2159 ad
611 2119 800 2170 templum
827 2117 984 2158 Domini
1012 2117 1300 2170 processionem
1329 2117 1410 2158 fieri
1437 2116 1658 2158 instituunt.

169 2178 220 2227 [c.
248 2177 398 2228 XLIX]
458 2179 626 2229 Moxque
654 2177 885 2229 patriarcha,
914 2191 1028 2218 cruce
1057 2177 1249 2218 dominica
1283 2179 1535 2229 praecedente
1571 2179 1750 2229 cleroque
1787 2177 1963 2218 flebiliter

26 2234 34 2239 ’
61 2236 246 2286 neme,
275 2250 344 2277 rex
373 2243 410 2277 et
437 2238 603 2289 populus
631 2239 679 2277 ad
709 2238 896 2289 templum
923 2250 1048 2288 usque
1074 2237 1260 2289 lugubres
1289 2236 1486 2277 subsecuti
1505 2243 1610 2286 sunt,
1632 2236 1788 2278 Graecis
1808 2236 1962 2277 interim

62 2316 75 2328 a
114 2295 234 2348 Syriis
261 2301 376 2348 atque
404 2295 599 2336 Armeniis
627 2298 675 2336 ad
705 2297 936 2348 Sepulcrum
963 2296 1163 2337 orantibus
1191 2302 1307 2348 atque
1336 2298 1580 2348 Kyrieleison
1617 2298 1753 2337 crebro
1780 2310 1962 2337 resonan-

90 2368 165 2399 ·us,
202 2368 323 2406 genas
352 2369 451 2408 ,prae
487 2357 631 2404 dolore,
669 2361 711 2395 ut
747 2355 868 2396 moris
904 2362 962 2396 est
999 2355 1123 2408 gentis
1151 2355 1267 2407 illius,
1296 2355 1531 2396 laniantibus
1560 2362 1675 2407 atque
1704 2357 1843 2396 barbas
1871 2369 1961 2395 cum

52 2412 194 2466 pillis
230 2413 470 2455 vellentibus.
526 2420 682 2466 peracta
719 2414 860 2466 itaque,
898 2421 942 2455 ut
978 2415 1200 2456 institutum
1228 2421 1320 2464 erat,
1350 2429 1440 2455 cum
1469 2414 1708 2456 orationibus
1738 2421 1775 2455 et
1803 2415 1961 2466 psalmis

114 2471 270 2525 hymnis
298 2478 334 2514 et
361 2472 519 2514 canticis
550 2474 589 2514 in
618 2475 761 2526 templo
790 2474 1050 2526 processione,
1079 2476 1242 2515 redeunt
1270 2476 1319 2515 ad
1348 2475 1589 2527 Sepulcrum.
1639 2476 1806 2515 necdum
1836 2475 1963 2515 valvas

66 2554 68 2558 ·
91 2531 214 2584 gressi
241 2533 405 2582 fuerant,
433 2546 524 2572 cum
552 2533 754 2574 nuntiatur
780 2533 911 2574 lumen
942 2534 1144 2574 advenisse
1173 2539 1210 2574 et
1237 2535 1466 2586 lampadem,
1496 2548 1595 2586 quae
1624 2540 1712 2574 ante
1732 2535 1961 2586 Sepulcrum

99 2596 132 2631 t
158 2591 390 2632 accendisse.
446 2605 524 2643 quo
553 2591 695 2642 audito,
723 2599 886 2633 currunt
914 2593 1139 2634 festinanter
1174 2607 1323 2642 omnes,
1366 2600 1403 2634 et
1440 2599 1609 2634 reserato
1638 2594 1811 2645 Sepulcri
1851 2593 1961 2643 ostio,

70 2663 161 2691 aus
197 2650 323 2691 claves
363 2651 403 2691 in
447 2651 692 2703 processione
728 2653 874 2693 delatae
911 2653 1075 2702 fuerant,
1103 2655 1236 2693 lumen
1266 2659 1440 2705 optatum
1467 2653 1681 2702 inveniunt,
1711 2652 1852 2705 gratias
1883 2654 1960 2692 Deo

64 2715 81 2743 t.
125 2708 321 2750 altissimis
360 2711 544 2760 reddunt;
582 2724 822 2763 accensoque
858 2725 970 2752 cereo
1004 2725 1084 2753 uno
1120 2713 1252 2752 lumen
1282 2713 1458 2760 esserunt,
1493 2714 1596 2752 clero
1625 2718 1661 2752 et
1690 2713 1832 2764 populo
1860 2711 1962 2752 intu-

74 2768 208 2808 ·dum.
264 2775 357 2809 tunc
398 2782 534 2810 omnes
576 2769 689 2822 proni
724 2769 764 2809 in
802 2776 944 2811 terram
981 2772 1186 2811 adorantes
1223 2771 1533 2823 glorificaverunt
1563 2772 1686 2811 Deum
1715 2777 1752 2811 et
1780 2777 1959 2811 sanctum

72 2828 182 2883 srael,
219 2827 285 2879 qui
321 2834 542 2880 respexerat
582 2828 860 2870 desolationem
897 2844 1034 2870 eorum
1061 2836 1098 2871 et
1125 2830 1356 2883 angustiam,
1387 2844 1458 2871 nec
1486 2830 1629 2871 amovit
1658 2831 1821 2870 salutem
1849 2844 1961 2870 suam

115 2899 256 2938 genere
297 2901 444 2928 eorum.
500 2887 780 2939 indulgentiam
820 2888 903 2929 eius
943 2889 1039 2930 susis
1079 2889 1258 2942 lacrymis
1299 2892 1537 2942 postulantes
1574 2889 1876 2930 humiliaverunt
1910 2889 1962 2928 illi

67 2957 342 2996 ,211massuas;
372 2946 510 2987 deinde
536 2948 656 2987 choro
685 2948 723 2987 in
754 2961 846 2988 voce
873 2948 1110 2989 iubilationis
1147 2955 1184 2990 et
1217 2950 1384 2990 laetitiae
1419 2955 1708 3002 prorumpente,
1751 2949 1801 2988 Te
1837 2950 1961 2988 Deum

75 3056 78 3057 ⁷
127 3019 257 3045 mus
296 3004 337 3045 in
377 3006 527 3046 excelso
563 3012 833 3056 cantaverunt;
876 3013 913 3047 et
953 3007 1054 3048 cerei
1095 3022 1232 3048 omnes
1273 3022 1340 3060 per
1378 3008 1577 3048 ecclesiam
1612 3007 1762 3048 accensi
1791 3013 1895 3057 sunt,
1925 3014 1961 3048 et

69 3062 250 3104 ·uribula
277 3069 315 3103 et
344 3063 611 3105 thimiamatha
638 3071 675 3106 et
703 3067 786 3106 aloe
814 3067 1075 3115 adoleverunt,
1105 3073 1142 3108 et
1169 3069 1309 3107 domus
1331 3067 1397 3107 Dei
1425 3069 1566 3119 repleta
1585 3073 1643 3107 est
1662 3067 1768 3106 sumo
1788 3073 1824 3106 et
1844 3068 1961 3107 odore

83 3121 220 3170 censi;
262 3128 299 3162 et
340 3122 598 3163 tintinnabula
639 3124 825 3175 signaque
859 3139 926 3176 per
960 3131 1080 3166 totam
1114 3127 1252 3166 urbem
1288 3127 1438 3178 pulsata
1466 3126 1622 3178 signum
1651 3125 1740 3165 novi
1767 3126 1895 3178 gaudii
1924 3133 1961 3166 et

78 3180 320 3220 sultationis
350 3182 544 3233 protestati
575 3189 678 3223 sunt.
720 3184 865 3223 chorus
894 3186 1015 3224 laetus
1044 3185 1222 3233 concinit,
1253 3187 1419 3237 populus
1444 3186 1586 3238 plaudit
1606 3184 1800 3234 manibus,
1829 3191 1866 3225 et
1895 3185 1959 3236 qui

1764 3262 1817 3289 53⁸
