2216 3438
105 159 269 197 Fuleberi
282 159 512 198 Carnotenstq
525 158 682 195 Historia
695 157 1031 204 Hierosolymitana.
1047 179 1090 184 —
1104 156 1181 194 Lib.
1190 157 1251 202 111,
1261 169 1291 192 c.
1300 156 1472 198 XXXVII,
1484 156 1596 199 6-8;
1607 169 1637 193 c.
1647 155 1837 199 XXXVIII,
1853 158 1881 191 1.
1909 155 1978 191 749

2 254 4 259 λ
57 270 142 314 bos
180 268 338 312 simul
377 268 655 312 commenta
686 267 884 322 paleas.
946 268 1020 324 qui
1052 270 1147 310 erat
1178 267 1432 322 alienigena,
1467 280 1582 309 nunc
1613 270 1681 310 est
1712 267 1837 322 quasi
1871 267 1979 308 indi-
1999 276 2103 303 a.112⁴

58 356 183 398 gena,
216 345 260 385 et
290 341 364 397 qui
396 324 630 396 inquilinus
642 337 676 363 ¹⁴
706 343 785 392 est,
819 337 997 395 utiqueb
1018 339 1160 382 incola
1181 339 1333 382 factus,
1383 336 1451 393 [6]
1474 352 1555 381 nos
1577 339 1714 381 nostri
1737 341 1979 393 sequuntur

57 415 110 457 de
151 413 221 457 die
261 413 304 455 in
345 412 459 455 diem
500 412 732 467 propinqui
772 414 815 454 et
855 414 1071 466 parentes,
1121 423 1423 465 quaecumque
1467 410 1754 465 possederant
1799 410 1977 452 omnino

57 481 394 540 relinquentes¹⁵
432 497 511 526 nec
551 485 683 526 etiam
724 480 972 526 volentes.¹⁶
1034 483 1108 538 qui
1148 482 1263 524 enim
1303 482 1383 523 illic
1422 484 1546 523 erant
1579 482 1743 536 inopes,
1776 481 1846 523 hic
1879 481 1979 523 facit

56 569 133 600 eos
162 556 280 599 Deus
309 555 560 611 locupletes.
609 555 682 610 qui
714 555 961 598 habuerant
992 567 1194 596 nummos
1216 566 1393 608 paucos,
1427 553 1496 595 hic
1524 553 1749 608 possident
1769 552 1980 595 bisantios

0 632 10 695 3
58 615 321 679 innumerds,
362 630 406 670 et
446 627 520 682 qui
561 640 648 670 non
693 627 935 670 habuerat⁰
975 627 1135 677 villam,
1177 625 1247 668 hic
1286 625 1378 667 Deo
1422 621 1583 667 danted
1628 625 1716 668 iam
1759 624 1980 679 possidete

0 697 10 744 f
58 696 265 742 urbem.¹²
317 695 383 755 [¹7]
418 711 554 753 quare
585 712 688 752 ergo
720 701 1008 741 reverteretur
1039 699 1082 740 in
1113 697 1405 746 Occidentem,
1439 696 1511 751 qui
1544 697 1614 738 hic
1645 697 1788 739 taliter
1818 696 1982 738 invenit

9 823 16 827 ἱ
57 767 355 813 Oriente-mrffl
405 783 485 812 nec
518 771 608 812 vult
638 783 714 812 eos
746 771 927 825 penuria
958 770 1075 812 Deus
1108 769 1248 818 adfici,
1283 768 1356 823 qui
1389 781 1487 811 cum
1519 768 1718 810 crucibus
1740 768 1829 810 suis
1852 768 1981 810 devo-

59 843 215 886 verunt
239 854 340 884 eum
362 842 497 896 sequi,
533 842 665 884 immo
687 842 874 897 denique
897 841 1091 897 adsequi.
1146 838 1214 895 [8]
1237 840 1454 900 percipitis
1478 840 1607 893 igitur
1635 853 1729 882 esse
1751 840 1834 882 hoc
1855 840 1984 882 mira-

3 937 5 945 ·
60 913 203 956 culum
234 913 490 956 immensum
507 910 544 936 ¹⁹
586 911 653 956 ets
686 914 888 956 universo
929 913 1094 955 mundo
1141 913 1296 955 valdeg
1336 912 1613 966 stupendum.
1678 911 1774 966 quis
1819 912 1985 954 audivit

4 974 5 1018 3
60 985 272 1027 hactenus
302 985 417 1028 tale?
479 986 571 1028 vult
601 999 705 1040 ergo
736 999 818 1027 nos
849 986 966 1028 Deus
999 998 1150 1027 omnes
1182 984 1430 1026 lucrifacere
1462 986 1505 1025 et
1537 985 1584 1025 ut
1617 983 1778 1025 amicos
1816 984 1985 1026 carissi-

59 1069 155 1099 mos
187 1057 245 1099 ad
276 1069 322 1098 se
354 1057 586 1099 attrahere.
638 1060 682 1099 et.
714 1057 817 1111 quia
850 1057 953 1106 vult,
988 1070 1067 1098 nos
1100 1069 1275 1111 quoque
1307 1055 1552 1097 voluntarie
1574 1055 1768 1106 velimuS,
1801 1058 1844 1097 et
1866 1056 1984 1110 quod

0 1173 19 1191 ἵ,
59 1128 118 1170 illi
157 1128 299 1183 placet
337 1128 526 1182 benigno
557 1129 686 1170 corde
717 1131 761 1170 et
792 1129 943 1170 humili
977 1128 1200 1178 faciamuS‚
1234 1130 1410 1169 utrum
1443 1141 1496 1169 eo
1530 1128 1570 1168 in
1605 1125 1863 1169 aeternumh
1895 1128 1985 1169 feli·

12 1192 23 1241 Ξ
61 1199 165 1242 citer
194 1211 437 1254 regnemus.

906 1313 1136 1356 XXXVIII.

244 1393 307 1432 De
337 1392 460 1444 regis
492 1405 518 1432 a.
547 1392 738 1432 vinculis
770 1393 1032 1432 liberatione
1065 1393 1112 1432 et.
1142 1393 1369 1432 obsidione
1400 1393 1524 1432 urbis
1556 1388 1805 1443 Halapiae.¹

160 1471 254 1528 ’[1]
287 1473 594 1529 Omnipotente
625 1474 717 1516 Deo
759 1475 944 1525 favente,
987 1474 1043 1516 de
1074 1474 1314 1516 Turcorum
1356 1475 1554 1516 custodia
1586 1474 1983 1526 Hierosolymorum
2031 1494 2034 1498 ’

185 1609 205 1630 ⁸
225 1604 370 1638 comedit
395 1614 467 1638 om.
493 1605 603 1638 sinaut
628 1605 691 1646 δμ.
719 1624 763 1629 -
790 1603 810 1630 b
828 1606 951 1648 utique
975 1606 1081 1647 quasi
1106 1605 1169 1646 δμ.
1198 1623 1236 1628 -
1267 1610 1283 1629 0
1303 1604 1503 1638 habuerant
1530 1605 1593 1646 δμ.
1625 1623 1650 1625 0
1696 1602 1717 1630 d
1737 1604 1894 1638 donante
1919 1606 1983 1646 δμ.

18 1643 23 1690 }
68 1669 114 1676 -
139 1651 359 1733 eporeigent
383 1652 447 1694 δμ.
475 1671 518 1676 --
548 1651 614 1686 fin
643 1653 706 1695 δμ.
734 1671 776 1675 -
803 1658 824 1684 ε
842 1653 945 1686 valde
970 1652 1097 1686 eadem
1123 1662 1234 1686 manu
1260 1652 1355 1686 iuter
1379 1651 1492 1686 lineas
1518 1663 1584 1686 scr.
1613 1651 1647 1686 in
1676 1662 1706 1686 r.
1743 1671 1770 1674 —
1804 1651 1825 1677 11
1846 1663 1917 1686 om.
1946 1655 1983 1685 in

19 1702 29 1738 ἵ,
64 1703 249 1734 aeternum
303 1709 338 1742 μ.

13 1828 14 1834 ’
65 1829 201 1870 Guizot
229 1830 324 1870 242:
359 1830 436 1878 „les
475 1828 635 1869 idiomes
670 1831 724 1869 les
754 1830 838 1881 plus
867 1829 1063 1870 differents
1092 1836 1181 1869 sont
1209 1829 1453 1870 maintenant
1481 1843 1687 1869 communs
1716 1834 1737 1868 a
1766 1831 1871 1869 l’une
1899 1835 1936 1869 et
1965 1834 1987 1868 a

67 1889 203 1929 l’autre
222 1889 367 1936 mitiori,
396 1894 433 1928 et
461 1889 497 1928 la
516 1889 716 1928 coufiance
736 1891 948 1941 rapproche
967 1890 1022 1929 les
1044 1903 1150 1929 races
1170 1891 1224 1928 les
1245 1891 1330 1941 plus
1349 1889 1581 1940 eloignees“.
1616 1913 1660 1917 ἡ
1694 1893 1740 1928 18
1759 1890 1986 1941 scriptum

67 1954 156 1989 est-2
195 1948 310 1988 Jesai.
330 1950 394 1996 65,
424 1949 492 1988 ⁶25:
541 1949 676 1999 „lupus
712 1954 750 1988 et
779 1963 903 2000 agnus
932 1955 1138 2000 pascentur
1166 1950 1294 1996 simul,
1324 1950 1383 1989 leo
1411 1955 1449 1989 et
1478 1950 1548 1989 bos
1577 1951 1780 1989 comedent
1819 1950 1987 2001 paleas“.

16 2030 17 2033 =
73 2029 115 2036 —-
138 2007 494 2058 lssinquilinuffi
523 2008 591 2047 der
610 2009 828 2047 Bewohner
857 2009 963 2047 eines
993 2009 1166 2048 sremdeu
1187 2009 1425 2059 Eigentums,
1455 2011 1522 2049 der
1547 2010 1795 2058 Mietsmann,
1827 2009 1874 2048 ist
1900 2022 1987 2047 zum

16 2065 27 2124 Ἠ
70 2066 208 2114 incola,
242 2080 331 2106 zum
360 2066 617 2117 eigentlichen
647 2068 866 2107 Bewohner
900 2069 996 2108 bzw.
1028 2068 1195 2108 Besitzer
1220 2070 1448 2119 geworden.
1481 2093 1525 2096 —
1557 2072 1603 2108 15
1632 2071 1676 2115 ἓξ
1706 2072 1730 2107 (3
1760 2082 1796 2108 u.
1827 2070 1869 2108 7:
1908 2070 1987 2107 I'oiz

25 2128 30 2174 l
74 2127 153 2178 Tay
192 2141 241 2166 zu
270 2127 350 2178 Tay
384 2127 511 2178 solym
541 2129 779 2179 Anyehiiriye
815 2129 908 2177 (au-‘e
941 2130 1012 2166 der·
1049 2130 1151 2167 alten
1183 2129 1359 2179 Heimat)
1398 2131 1509 2179 nach,
1545 2130 1639 2168 alles
1668 2130 1898 2176 verlassemh
1927 2129 1990 2166 die

71 2187 142 2234 (t'm
173 2186 327 2234 Orient)
353 2187 458 2225 reich
485 2188 638 2226 werden
665 2189 746 2226 mul
773 2188 928 2226 deslmlb
966 2188 1069 2226 m'clet
1096 2189 1205 2227 mehr
1231 2202 1283 2227 an
1312 2190 1375 2227 die
1404 2189 1607 2227 RHckkeler
1635 2190 1732 2227 nacla
1761 2189 1845 2226 dem
1878 2188 1990 2226 alezi-

26 2244 38 2290 fs·
69 2246 160 2285 dent
197 2246 356 2287 denken.
403 2269 442 2274 —
487 2245 543 2284 Zu
582 2246 788 2286 omnino
826 2246 1193 2297 relinquentes
1221 2248 1500 2296 s.1,V1,12.
1551 2270 1595 2274 —
1646 2251 1692 2286 16
1723 2260 1810 2286 uec
1839 2246 1988 2286 etiarn

28 2307 43 2358 ff
70 2304 319 2344 volentes:
354 2305 479 2351 „ohne
515 2318 556 2343 es
597 2318 643 2344 zu
672 2306 851 2351 wolleu“‚
894 2307 1010 2344 deren
1043 2306 1257 2346 Entschluss
1292 2308 1459 2357 anfangs
1489 2307 1595 2346 nicht
1624 2309 1691 2346 der
1722 2321 1814 2354 war,
1845 2306 1896 2345 im
1926 2318 1989 2355 ge-

29 2368 39 2421 l}
69 2363 200 2403 lobten
228 2363 361 2404 Laude
397 2377 444 2403 zu
482 2364 647 2410 bleiben,
685 2365 745 2404 die
786 2366 878 2404 aber
907 2366 1006 2405 nach
1036 2365 1142 2405 ihrer
1171 2365 1347 2406 Ankunft
1375 2367 1546 2406 daselbst
1575 2367 1696 2405 durch
1727 2366 1788 2405 die
1818 2366 1988 2404 Verhiilt-

30 2426 42 2489 ᾗ.
68 2422 176 2462 nisse
194 2423 379 2474 bewogen
400 2423 482 2462 sich
503 2424 771 2464 entschlossen
791 2425 934 2471 haben,
955 2424 994 2464 iu
1017 2425 1099 2464 ihre
1119 2426 1193 2464 alte
1208 2425 1362 2464 Heimat
1383 2425 1490 2464 nicht
1510 2427 1621 2465 mehr
1635 2426 1988 2465 zuriickzukehren.

30 2481 44 2565 i
74 2503 120 2509 —
158 2485 199 2522 17
227 2483 319 2523 Man
348 2483 423 2533 vgl.
453 2483 583 2522 hierzu
613 2486 642 2530 1,
678 2484 738 2531 lll,
769 2485 805 2531 7,
845 2498 905 2523 wo
940 2485 1015 2522 den
1045 2484 1321 2524 Teilnelnneru
1352 2499 1415 2524 aui
1446 2486 1669 2536 Kreuzzuge
1698 2485 1839 2536 ewiges
1868 2485 1990 2524 Gltick

44 2542 152 2581 ‘und
181 2541 387 2582 Reichtum
427 2542 685 2594 versprochen
717 2543 823 2590 wird,
864 2544 944 2582 und
972 2544 1106 2591 XXlX,
1140 2546 1173 2591 1,
1212 2558 1367 2584 woraus
1396 2559 1487 2584 man
1517 2545 1756 2585 entnehmen
1787 2558 1886 2594 mag,
1918 2545 1990 2582 wie

72 2600 129 2641 sie
156 2601 287 2640 diesen
308 2601 513 2641 Reichtum
543 2602 622 2640 sich
654 2603 856 2641 erworben
886 2603 1029 2643 haben.
1074 2603 1142 2642 Die
1163 2604 1298 2643 Worte
1318 2605 1422 2643 1⁴*qu
1451 2619 1500 2644 an
1531 2619 1568 2645 u.
1591 2605 1646 2644 St.
1677 2605 1798 2643 solleu
1820 2603 1987 2653 zugleich

34 2668 40 2695 ἑ
73 2660 149 2700 den
178 2659 326 2700 Erweis
352 2660 487 2700 liefern
517 2674 590 2700 von
620 2662 688 2700 der
718 2661 922 2701 Wahrheit
950 2663 1017 2701 des
1046 2662 1318 2713 Ausspruches
1338 2663 1480 2703 Christi
1501 2665 1635 2704 Mauh.
1661 2666 1721 2710 19,
1752 2665 1815 2711 29,
1845 2663 1933 2700 dem
1949 2663 1990 2713 ja

34 2716 40 2758 ζ
74 2719 170 2759 auch
202 2720 302 2760 nach
332 2720 430 2759 Rob.
449 2721 570 2759 7285:
599 2721 732 2760 Urban
762 2720 799 2760 in
821 2721 1020 2761 Clermont
1048 2722 1087 2761 in
1117 2722 1244 2761 seiner
1265 2723 1369 2790 Rede
1398 2723 1435 2762 iu
1466 2724 1611 2763 diesem
1633 2724 1755 2762 Siune
1783 2722 1990 2770 augefiilirt

37 2797 39 2803 ·
75 2777 202 2839 haben
231 2779 316 2819 soll.
333 2801 379 2806 -—
400 2782 445 2817 18
474 2779 557 2818 Da&
586 2779 795 2820 immerhin
824 2780 929 2820 nicht
958 2781 1121 2831 wenige,
1151 2782 1212 2820 die
1240 2782 1279 2820 iu
1308 2782 1394 2821 eine
1423 2782 1679 2832 glticklichere
1700 2782 1800 2832 Lagc
1831 2786 1990 2820 versetzt

75 2838 252 2885 wurden‚
280 2838 348 2877 aus
372 2837 456 2877 ihre
484 2839 558 2878 alte
575 2839 731 2878 Heimat
759 2838 829 2878 mit
848 2840 1096 2891 Verachtung
1124 2841 1448 2889 zurtickblickten,
1478 2842 1526 2881 ist
1549 2842 1654 2880 nicht
1675 2839 1990 2879 uuwaluscheiu-

76 2895 166 2945 lich,
207 2896 314 2936 nicht
349 2897 514 2944 minder‚
542 2898 618 2937 dati
646 2898 772 2949 gewiss
800 2899 899 2938 auch
928 2900 1071 2948 solclie,
1101 2899 1161 2939 die
1190 2900 1356 2950 ansangs
1386 2900 1706 2950 beabsichtigten,
1737 2900 1788 2939 im
1817 2900 1992 2950 Morgen-

73 2953 190 2996 lande
217 2955 328 2995 ihren
347 2956 573 2996 Aufenthalt
602 2970 648 2996 zu
679 2958 859 3005 nehmen,
890 2959 997 2998 recht
1025 2972 1143 3010 gerne
1172 2960 1232 2999 bei
1262 2965 1371 3010 guter
1391 2960 1641 3010 Gelegenheit
1671 2960 1812 2999 wieder
1841 2959 1902 2998 die
1920 2959 1994 2997 alte

81 3013 236 3054 Heimat
264 3016 417 3055 werden
447 3016 674 3067 ausgesucht
709 3016 851 3056 haben.
893 3040 939 3045 —
979 3021 1024 3057 19
1053 3021 1074 3063 ξ
1104 3020 1149 3057 8;
1180 3020 1273 3058 Dies
1302 3022 1349 3057 ist
1379 3022 1440 3058 ein
1468 3021 1681 3070 unyehener
1705 3021 1845 3070 {Ji-oties
1883 3019 1991 3057 Welt-

79 3076 252 3114 wunder.
307 3075 370 3114 Da
403 3075 492 3114 Gott
528 3089 603 3115 uns
639 3077 714 3116 alle
751 3077 914 3115 ror-teile
949 3080 1153 3116 ztan-endem
1193 3080 1274 3116 mul
1311 3092 1360 3117 zu
1396 3081 1523 3116 seinen
1555 3079 1760 3117 Freumlen
1796 3080 1993 3128 yemitmen

79 3134 171 3180 will,
212 3146 254 3173 so
295 3135 413 3174 sollen
454 3137 527 3173 τοῖν
567 3136 646 3173 ihm
684 3137 727 3174 in
756 3136 894 3174 Demut
920 3136 1058 3187 solym,
1096 3138 1218 3175 dumi!
1256 3139 1330 3175 wir
1363 3139 1430 3174 mit
1468 3139 1544 3176 ilem
1583 3138 1750 3188 ewiylae‘ch
1788 3138 1990 3175 herrseleen

80 3192 244 3232 konnen.
275 3215 324 3219 --
353 3193 409 3232 Zu
438 3194 526 3232 hoc
556 3193 834 3233 miraculum
866 3195 1146 3234 immensum
1178 3208 1208 3234 s,
1239 3195 1340 3234 Prol.
1362 3198 1397 3235 3.
