2216 3438
237 172 307 205 23l
463 171 627 207 Fulcheri
652 172 887 208 Carnotensis
911 173 1069 209 Historia
1094 174 1430 220 Hierosolymitana.
1460 195 1501 200 —-
1527 175 1605 210 Lib.
1623 176 1649 218 1,
1675 149 1752 221 cap.
1769 176 1878 218 xvn,
1905 178 1938 212 7.

110 291 217 317 a-1098
237 281 399 331 audito,
442 282 723 325 vehementer
754 283 883 325 Turci
921 297 1073 326 omnes
1105 285 1293 327 exterriti
1324 287 1437 327 sunt.
1501 299 1662 328 aurora
1691 287 1822 343 tunc?
1851 286 2096 336 albescente
2107 283 2156 338 ¹⁵,

234 353 387 394 urbem
418 353 572 395 Franci
602 367 782 408 prorsus
812 355 1020 410 impetere
1053 359 1302 410 coeperunt.
1354 370 1540 411 cumque
1562 356 1691 399 Turci
1721 357 1920 412 primitus
1956 358 2159 401 vexillum

234 422 510 467 Boamundib
541 425 775 468 vidissente
806 425 1148 469 rubicundum¹⁶
1180 427 1265 470 iam
1297 428 1342 470 in
1373 428 1556 471 sublime
1587 426 1833 483 displicari‘¹
1863 431 1908 472 et
1926 429 2159 472 tumultum

233 493 489 550 magnum³⁷
520 496 714 552 undique
745 498 833 540 iam
865 499 1129 541 concitatum
1160 501 1204 542 et
1234 513 1400 542 cornua
1421 499 1690 543 Francorum
1720 500 1766 543 in
1795 500 1907 543 muri
1940 500 2063 556 apice
2093 500 2159 543 in-

233 580 390 610 sonare
430 571 475 610 et
513 582 592 623 per
631 569 774 612 vicos⁰
816 570 946 612 nudis
986 570 1163 613 ensibus
1203 568 1313 613 latef
1349 571 1590 614 discurrere
1631 574 1675 614 et
1718 575 1920 626 gentemg
1961 571 2159 615 ferociter

233 639 446 682 occidere:
488 637 856 695 obstupefactihss
896 645 1133 697 coeperunt
1174 639 1277 685 haci
1317 644 1360 684 et
1399 643 1495 686 illac
1538 643 1701 697 fugere,
1742 644 1860 686 unde
1898 644 2046 699 plures
2083 644 2157 699 qui

231 713 468 765 potuerunt
507 710 741 766 fugiendo*
783 714 826 755 in
866 717 1070 765 castrum,
1112 715 1230 769 quod
1262 714 1306 756 in
1337 728 1445 769 rupe
1477 714 1593 757 celsa
1622 718 1690 757 est
1719 712 1912 767 situmffl,
1944 729 1992 758 se
2023 715 2157 759 intro-

230 782 454 826 miserunt.
526 781 595 838 [7]
637 784 762 840 plebs
774 782 811 807 ²⁰
851 799 954 828 vero
995 788 1146 829 nostra
1186 788 1355 838 cuncta,
1401 799 1515 842 quae
1563 787 1608 829 in
1654 786 1759 829 vicis
1806 789 1884 830 aut
1930 785 2155 830 domibus¹

349 919 368 938 ⁸
387 916 519 957 quippe
535 915 797 958 Aerionssbu.
827 933 868 939 —
897 914 917 941 b
935 916 1061 950 domm·
1076 916 1288 950 Boamumzc
1303 927 1423 951 nxps.
1452 934 1492 941 —-
1526 921 1544 942 0
1562 917 1764 961 aspicerent
1778 917 2077 960 ΑΒεσιοιιβδμ.
2110 937 2155 943 -

229 959 249 986 d
269 961 425 994 rutilare
449 972 471 995 1.
498 982 543 987 —
567 967 585 989 θ
603 967 636 996 ει
659 964 851 997 tumultum
877 967 1016 998 tantum
1050 967 1156 1008 atque
1179 968 1228 998 tot
1252 964 1422 998 cornibus
1446 966 1486 998 in
1511 966 1611 999 muri
1640 965 1743 1008 apice
1767 965 1934 999 anoos
1965 975 2098 999 conare
2123 969 2154 999 et
2210 972 2216 1015 j

224 1019 294 1052 per
318 1010 412 1042 vicos
428 1013 459 1042 et
475 1020 600 1044 muros
616 1011 875 1053 ΑΒΡιοιιβδμ.
907 1030 945 1036 -
976 1011 990 1037 f
1007 1022 1063 1045 eos
1080 1012 1151 1045 late
1167 1013 1477 1055 Αεῖικοιιεβδμ.
1506 1031 1551 1036 —-
1575 1018 1596 1044 8
1612 1016 1749 1055 yentem
1765 1022 1870 1047 suam
1888 1013 2153 1056 ΑΒινιοιιβδμ.
2211 1046 2216 1055 f

232 1075 272 1081 -
300 1054 321 1082 h
342 1056 423 1091 add.
441 1057 543 1092 valde
567 1059 826 1101 Aurionssbu.
864 1078 908 1083 —
944 1058 1005 1093 iet
1030 1059 1097 1093 hac
1123 1060 1244 1102 σβδμ.
1280 1078 1325 1084 -—
1360 1058 1381 1085 k
1408 1060 1545 1104 fuyere,
1579 1061 1623 1095 de
1655 1059 1784 1105 quibus
1808 1061 1917 1096 multi
1938 1071 2022 1095 mox
2046 1062 2155 1096 occtst
2208 1057 2216 1119 i

228 1105 393 1148 suenum
416 1105 614 1150 pluresque
636 1106 809 1150 faqa'emio
833 1107 1066 1150 ΑΒῑιιιβδμ.
1092 1127 1139 1131 -
1164 1106 1175 1134 l
1196 1109 1237 1141 in
1260 1107 1423 1142 domibus
1449 1118 1471 1143 ι.

228 1251 309 1289 und
352 1249 606 1301 einzigenmal
635 1250 811 1300 anffihrt3
853 1251 959 1290 siehe
999 1252 1097 1290 auch
1138 1264 1169 1291 c.
1200 1251 1337 1291 XXVII
1375 1265 1402 1291 n
1438 1253 1502 1292 33.
1559 1250 1629 1292 Die
1661 1249 1798 1290 Worte
1826 1250 2032 1291 Fulchers:
2060 1251 2153 1292 hoc

228 1310 351 1349 enim
390 1315 493 1350 erat
533 1310 717 1361 signum
747 1309 1113 1350 exclamationis
1143 1316 1339 1351 nostrae
1366 1312 1505 1351 {indert
1532 1311 1600 1351 der
1628 1310 1828 1351 Verfasser
1855 1311 1925 1351 des
1952 1310 1984 1350 L
2009 1310 2152 1352 Textes

227 1369 288 1409 in:
323 1369 441 1419 „haec
477 1369 582 1410 enim
621 1370 848 1410 exclamatio
885 1370 956 1410 rite
991 1384 1100 1411 more
1129 1370 1305 1411 omnium
1344 1376 1425 1411 toto
1452 1376 1627 1422 tempore
1654 1371 1775 1411 erat‘.
1817 1391 1867 1400 ——
1908 1373 1956 1410 15
1982 1383 2153 1412 aurora

227 1430 520 1470 albescente:
550 1443 591 1470 es
621 1443 703 1469 war
731 1443 796 1469 am
824 1431 861 1470 3.
881 1430 972 1469 Juni
1001 1443 1184 1482 morgens
1212 1444 1333 1482 gegen
1363 1433 1388 1471 3
1419 1431 1518 1479 Uhr;
1548 1431 1656 1471 siche
1679 1429 1855 1470 Naheres
1882 1430 2051 1470 dari‘iber
2078 1429 2152 1471 HG

227 1490 318 1528 301.
360 1489 613 1541 impetere,
643 1494 743 1541 poet.
763 1490 843 1538 lat,
872 1491 933 1530 fiir
961 1489 1150 1541 impetum
1179 1491 1303 1530 facere
1331 1490 1371 1530 in
1401 1490 1582 1542 aliquem.
1629 1490 1777 1530 Bartolf
1800 1490 1925 1530 500ss
1945 1489 2026 1542 gibt
2044 1490 2150 1530 diese
2203 1526 2205 1529 Α

226 1549 362 1588 Worte
399 1549 527 1589 seiner
556 1550 718 1601 Vorlage
755 1550 837 1590 also
875 1549 1039 1590 wieder:
1081 1551 1351 1599 „illucescente
1379 1556 1509 1590 autem
1538 1563 1691 1598 aurora,
1719 1554 1823 1590 totus
1850 1550 1930 1590 sere
1957 1549 2150 1590 exercitus
2207 1576 2210 1578 -

226 1609 537 1649 Christianorum
565 1610 703 1649 urbem
732 1610 931 1661 ingressus
960 1611 1057 1650 esv‘.
1090 1635 1137 1640 —
1167 1609 1215 1650 16
1245 1611 1329 1650 Da&
1357 1610 1418 1650 die
1439 1611 1597 1650 Fahne
1618 1609 1886 1650 Boemunds
1914 1622 2003 1649 von
2021 1614 2150 1650 roter
2213 1602 2216 1612 ’

224 1669 372 1708 Farbe
399 1683 494 1717 war,
525 1670 685 1721 bezeugt
714 1670 814 1710 auch
834 1670 922 1709 Alb.
944 1670 1006 1719 IV,
1036 1671 1100 1710 23.
1147 1670 1256 1710 Nach
1287 1671 1375 1711 dem
1405 1672 1615 1721 Fragment
1641 1671 1710 1710 der
1729 1669 1916 1710 Chanson
1936 1669 2069 1711 d‘Ant.
2098 1683 2150 1710 en

224 1729 430 1780 provenqal
459 1743 493 1769 v.
515 1730 594 1770 400
623 1729 739 1777 (AOL
764 1730 810 1777 ΙΙ,
838 1731 933 1779 503)
962 1730 1034 1770 soll
1063 1730 1132 1770 auf
1155 1730 1359 1770 derselben
1388 1729 1475 1770 eine
1504 1730 1698 1781 Schlange
1725 1729 1944 1781 abgebildet
1971 1742 2152 1781 gewesen
2195 1755 2206 1762 ›-

224 1788 328 1836 sein;
359 1789 466 1828 siehc
503 1789 603 1829 auch
633 1789 705 1829 HG
734 1790 826 1829 272.
859 1811 904 1817 —
936 1789 1182 1841 displicari
1221 1790 1243 1830 i.
1265 1803 1298 1830 e.
1328 1789 1523 1842 explicari,
1551 1788 1708 1830 extendi
1743 1794 1782 1829 et
1818 1787 1987 1839 volitare.
2029 1790 2156 1830 sub-

223 1847 332 1887 lime
369 1848 418 1888 ist
452 1848 536 1888 hier
572 1849 672 1888 nach
703 1848 830 1889 Raim.
852 1850 925 1888 251
946 1850 975 1888 F
1010 1848 1070 1897 „in
1101 1849 1353 1889 meridionale
1382 1849 1477 1889 colle
1505 1848 1707 1898 civitatis‘,
1737 1849 1838 1888 nach
1868 1849 1987 1889 Gesta
2011 1849 2095 1898 XX,
2126 1851 2152 1890 8
2188 1887 2189 1890 ,

224 1922 261 1959 p.
282 1909 360 1947 306
395 1921 549 1956 „coram
585 1909 740 1948 castello
775 1908 815 1948 in
855 1910 1023 1959 quodam
1061 1911 1233 1957 monte‘,
1272 1910 1309 1949 d.
1340 1909 1364 1949 i.
1395 1909 1448 1948 im
1477 1909 1611 1949 Stiden
1648 1909 1716 1948 der
1745 1908 1857 1948 Stadt
1893 1908 1962 1949 auf
1985 1909 2054 1949 der
2081 1922 2150 1949 vor
2199 1955 2202 1966 ι

224 1968 311 2006 dem
343 1967 517 2007 nachher
546 1981 621 2007 von
651 1968 815 2008 Fulcher
843 1974 1068 2020 genannten
1100 1974 1308 2017 „castrum,
1338 1970 1441 2020 quod
1469 1968 1509 2008 iu
1539 1982 1634 2020 rupe
1662 1968 1765 2008 celsa
1791 1973 1851 2008 est
1877 1968 2036 2017 situm“,
2064 1969 2103 2009 d.
2122 1969 2148 2009 i.

223 2027 311 2066 dem
347 2040 427 2078 sog.
458 2027 799 2068 Antiochiakastell
834 2029 1044 2079 gelegeuen
1073 2029 1254 2069 Anhohe.
1311 2028 1427 2069 Siehe
1460 2029 1627 2068 dariiber
1653 2028 1829 2068 Naheres
1856 2027 1899 2068 in
1927 2028 2000 2069 HG
2027 2030 2108 2069 306
2120 2029 2146 2069 s.
2199 2034 2205 2052 ²

225 2109 271 2115 -—
303 2090 343 2126 17
372 2087 490 2127 Gesta
507 2087 589 2135 XX,
619 2089 644 2126 8
673 2101 708 2139 p.
730 2089 827 2128 306:
861 2093 976 2137 „tune
1005 2088 1301 2128 innumerabilis
1322 2090 1448 2140 fragor
1468 2087 1693 2128 mirabiliter
1712 2088 1922 2129 resonabat
1939 2101 2007 2140 per
2027 2092 2148 2132 totam

222 2146 399 2186 urbem“.
436 2171 483 2175 —
523 2150 568 2186 18
598 2147 737 2187 Turci
775 2147 1105 2199 obstupefacti.
1170 2147 1298 2188 Raim.
1325 2148 1468 2188 251F:
1513 2146 1678 2196 „turbati
1706 2146 1822 2199 igitur
1849 2147 1952 2188 cives
1980 2147 2148 2197 [Turci],
2198 2193 2202 2208 ι

221 2218 310 2244 cum
339 2204 379 2244 in
409 2211 541 2246 monte
569 2219 685 2258 super
713 2219 754 2246 se
783 2212 939 2246 nostros
967 2206 1247 2258 conspicerent,
1278 2206 1341 2247 alii
1370 2221 1438 2258 per
1466 2212 1598 2258 portas
1627 2207 1774 2258 fugere,
1802 2206 1864 2250 alii
1886 2206 2148 2259 praecipitari;
2198 2206 2208 2215 ‘⁴

220 2265 356 2305 restitit
383 2266 534 2306 nullus:
564 2266 705 2318 quippe
725 2266 945 2306 turbaverat
963 2280 1030 2306 eos
1051 2266 1281 2307 Dominus“.
1312 2289 1359 2295 —-
1391 2270 1437 2306 19
1457 2267 1534 2307 Das
1554 2272 1784 2316 castrum,
1812 2267 1936 2318 quod
1963 2266 2009 2307 in
2032 2279 2149 2318 rupe
2197 2294 2202 2312 -.

219 2325 347 2364 celsa
375 2330 444 2365 est
472 2325 616 2365 situm
643 2325 695 2365 ist
722 2326 790 2366 das
819 2326 858 2365 in
890 2340 914 2365 n
947 2327 996 2365 16
1024 2327 1148 2366 schon
1177 2331 1374 2378 genannte
1392 2326 1737 2367 Autiochiakastell
1764 2327 1858 2367 oder
1884 2326 1947 2366 die
1964 2326 2148 2367 Zitadelle
2196 2341 2198 2371 ε

219 2398 292 2423 von
315 2384 558 2434 Antiochien,
587 2399 677 2425 vom
698 2385 827 2425 Anon.
857 2386 925 2425 der
944 2386 1062 2425 Gesta
1080 2386 1179 2432 XXI,
1208 2387 1231 2425 2
1261 2400 1298 2437 p.
1320 2388 1399 2426 316
1428 2386 1654 2438 oppidum
1674 2386 2042 2435 Antiochenum‚
2070 2399 2147 2426 von

219 2444 346 2484 Raim.
367 2446 444 2484 242
461 2445 491 2483 Β
519 2446 654 2485 colax
690 2446 775 2494 (das
804 2445 996 2485 entstellte
1021 2447 1152 2495 κουλά)
1184 2447 1264 2485 und
1293 2459 1369 2486 von
1399 2446 1602 2486 Boemund
1637 2446 1679 2485 in
1707 2445 1804 2498 HEp
1831 2445 1931 2494 XVI,
1959 2447 1998 2485 5.
2028 2446 2066 2486 6.
2098 2446 2143 2486 11
2196 2455 2216 2498 ξΙ

219 2504 342 2551 (Siehe
383 2510 503 2544 unten
539 2505 674 2553 XXIV,
716 2507 753 2545 5.
795 2506 835 2554 6)
878 2506 1058 2555 asylum
1101 2511 1288 2556 genannt.
1359 2505 1473 2545 Diese
1513 2505 1695 2546 Zitadelle
1735 2504 1786 2545 ist
1828 2503 2031 2544 seinerzeit
2070 2518 2148 2545 von
2195 2548 2216 2562 ¹

217 2563 463 2615 Nikophoros
502 2577 557 2604 ca.
585 2566 664 2604 965
693 2565 831 2604 erbaut
859 2565 1019 2604 worden
1047 2566 1130 2604 und
1157 2565 1273 2605 heute
1302 2566 1404 2605 noch
1434 2565 1475 2604 in
1503 2565 1741 2605 Triimmern
1768 2563 1960 2605 erhalten.
2018 2564 2147 2605 Dahin
2214 2575 2216 2580 ’

218 2623 398 2663 ssiichtete
439 2623 525 2663 eine
566 2625 686 2675 grosse
723 2624 875 2664 Anzahl
913 2624 1069 2664 Tiirken
1112 2639 1175 2664 am
1212 2627 1249 2664 3.
1296 2625 1398 2664 Juni.
1461 2625 1561 2664 Sehr
1595 2624 1690 2664 viele
1720 2637 1795 2664 von
1837 2623 1960 2663 ihnen
2001 2623 2146 2664 sanden
2193 2637 2199 2666 ι

214 2683 355 2733 jedoch
374 2683 414 2722 in
443 2683 504 2722 ihr
532 2684 673 2723 keinen
693 2685 811 2732 Plan,
841 2685 946 2724 denn
966 2684 1066 2724 Rad.
1088 2698 1119 2724 c.
1142 2686 1193 2723 68
1224 2684 1428 2724 berichtet:
1463 2684 1603 2734 „situm
1623 2684 1663 2723 in
1683 2697 1839 2729 summa
1857 2696 1953 2735 rupe
1973 2688 2145 2724 castrum
2192 2690 2195 2731 ς’

219 2743 361 2782 multos
399 2743 558 2794 recepit;
597 2743 873 2795 quamplurimi
910 2743 1182 2792 excluduntur,
1221 2757 1319 2794 quos
1348 2743 1592 2783 Christianus
1621 2742 1726 2783 ensis
1754 2741 1892 2782 obvius
1919 2742 2075 2783 avertit:
2101 2742 2146 2785 hi
2196 2779 2199 2781 .

219 2815 308 2851 pars
353 2802 393 2841 in
437 2808 603 2842 mortem
641 2809 839 2851 corruunt,
878 2803 1034 2854 quidam
1076 2817 1144 2855 per
1181 2803 1383 2843 interiores
1421 2804 1564 2854 gradus
1602 2803 1820 2843 ascendunt
1860 2815 2009 2850 muros,
2049 2803 2144 2843 dant
2201 2838 2203 2842 ,

218 2861 359 2900 saltum
398 2862 512 2910 foras,
552 2862 745 2902 exitialem
782 2862 879 2911 aliis,
917 2868 1033 2913 atque
1070 2863 1154 2902 aliis
1194 2863 1419 2903 redivivum.
1486 2863 1587 2902 latus
1624 2862 1717 2902 illud
1751 2860 1860 2901 urbis
1887 2862 1946 2908 (es
1974 2875 2056 2901 war
2083 2861 2155 2903 die.

218 2920 395 2960 Stidseite
423 2923 492 2960 der
518 2922 655 2971 Stadt)‚
685 2927 727 2961 ut
755 2935 874 2973 supra
902 2922 1048 2962 dictum
1076 2927 1146 2969 est,
1176 2923 1380 2962 obsessore
1409 2923 1586 2970 vacabat3
1615 2922 1778 2972 ideoque
1806 2933 1904 2971 quos
1923 2919 2143 2972 egrediendi
2192 2965 2200 2982 Ι

216 2979 370 3018 licentia
399 2980 637 3031 expediebat,
666 2982 792 3021 visum
821 2987 880 3021 est
906 2981 980 3021 illis
1008 2986 1142 3033 aptum
1171 2982 1282 3032 fugae
1311 2982 1557 3021 divortium‘.
1613 2973 1721 3020 Uber
1757 2982 1795 3020 d.
1823 2985 2031 3020 castrum
2069 2982 2141 3032 νεὶ.
2161 3001 2191 3018 —.

217 3039 315 3076 auch
346 3039 418 3078 HG
448 3042 544 3087 306;
575 3041 671 3092 HEp
699 3042 778 3081 345
808 3042 890 3080 und
918 3042 1084 3089 F6rster,
1114 3041 1206 3080 Ant.
1239 3042 1327 3081 141.
1358 3063 1408 3068 -
1437 3044 1485 3079 20
1505 3042 1526 3088 ἓ
1547 3042 1590 3080 7:
1630 3041 1712 3080 Wie
1729 3041 1902 3079 sich-das
1917 3041 2155 3089 frankische‘
2192 3054 2198 3083 :

225 3098 318 3135 Volk-
346 3100 428 3136 und
455 3101 519 3137 die
539 3102 669 3139 Ritter
697 3102 755 3139 bei
781 3102 853 3140 der
873 3101 1096 3140 Einmzhme
1123 3101 1339 3140 benommen
1366 3101 1500 3139 haben.
1531 3121 1578 3127 —-
1610 3100 1679 3139 Die
1698 3100 1849 3151 plebs,
1878 3099 1949 3138 das
1965 3099 2144 3150 gemeine
2191 3100 2196 3146 J

217 3156 327 3203 Volk,
366 3158 502 3197 suchte
542 3158 648 3198 seine
677 3159 876 3199 Beutelust
913 3173 961 3199 zu
998 3159 1252 3211 befriedigen3
1290 3160 1351 3199 die
1388 3158 1567 3199 milites
1603 3158 1877 3210 probitatis,
1914 3156 1978 3197 die
2005 3158 2164 3208 Ritter,

218 3215 290 3254 wie
318 3216 373 3255 sie
402 3217 485 3256 sein
515 3218 650 3267 sollen‚
680 3220 825 3262 beseelt
853 3233 929 3261 von
964 3219 1263 3271 kriegerischem
1292 3220 1397 3259 Mute
1431 3219 1512 3260 und
1541 3218 1759 3270 Tapferkeit
1795 3217 1917 3268 (siehe
1944 3231 1991 3258 zu
2019 3219 2081 3274 111,
2115 3219 2141 3259 2
