2216 3438
610 188 670 226 111.
696 188 761 226 Die
785 187 951 226 Berichte
974 185 1065 225 uber
1088 187 1152 224 das
1176 199 1278 224 sacer
1301 186 1404 233 ignis.
1901 186 1970 222 833

58 309 173 339 aures
199 309 294 338 suae
320 296 472 350 pietatis
499 297 549 347 ad
575 310 642 338 005
670 296 885 338 inclinaret.
941 298 1114 337 fecerunt
1142 296 1297 348 quidem
1326 300 1418 335 tunc
1451 295 1738 347 processionem
1772 295 1896 335 clerus
1934 299 1972 334 et

58 356 183 398 maior
214 370 305 409 pars
339 355 481 409 populi,
519 370 588 396 rex
615 361 652 396 et
681 369 857 408 proceres
886 357 958 405 sui,
988 356 1150 408 pedibus
1179 355 1293 395 nudis
1328 356 1376 395 ad
1406 355 1612 406 Templum
1648 353 1905 402 dominicum;
1935 358 1972 393 et

59 416 127 457 ubi
162 417 306 457 scilicet
333 416 372 456 in
400 416 563 468 Templo
590 416 670 468 regi
697 416 895 457 Salomoni
925 416 1116 456 Dominus
1145 428 1187 455 se
1215 414 1391 467 promisit
1419 414 1743 463 exaudienduma,
1772 427 1863 453 cum
1891 413 1973 465 ipse

60 475 246 517 Salomon
286 475 431 516 ibidem
467 475 679 516 Dominum
720 476 989 528 deprecaretur
1028 476 1143 526 quod,
1186 477 1222 514 si
1255 476 1426 526 populus
1464 476 1516 513 ad
1562 475 1829 514 sanctuarium
1874 474 1973 512 illud

56 537 204 588 peccati
237 537 302 575 sui
328 537 535 587 paenitens
570 538 698 576 devote
733 541 878 587 oraret,
915 537 962 575 ab
995 549 1036 575 eo
1064 536 1337 575 exaudiretur.-
1371 533 1565 574 orationes
1594 547 1686 573 suas
1714 533 1898 572 fuderunt
1925 533 1974 572 ad

30 638 33 639 ⁷
59 594 283 644 Dominum,
310 599 355 635 ut
380 593 599 635 misericors
627 594 924 635 misericorditer
951 594 1083 646 ignem
1109 593 1219 634 illum
1246 593 1420 634 emittere
1448 594 1685 644 dignaretur,
1713 606 1783 644 pro
1812 606 1890 643 quo
1919 597 1974 631 tot

38 653 240 710 1101111005
280 654 413 695 dolore
447 658 556 695 tanto
595 654 864 706 affligebantur
900 660 938 695 et
977 654 1265 694 desolabantur.
1321 654 1417 693 dum
1458 658 1589 693 autem
1626 652 1666 692 in
1695 652 1863 703 Templo
1910 651 1974 690 illo

0 716 1 728 ¹
61 713 255 755 dominico
281 725 378 765 gens
405 718 541 754 nostra
566 713 622 754 sic
640 718 779 763 oraret,
807 714 847 754 in
867 713 1105 755 monasterio
1125 712 1368 754 Sanctissimi
1388 713 1563 765 Sepulcri
1583 712 1756 752 similiter
1776 711 1910 751 Graeci
1930 724 1975 751 ac

62 772 162 825 Syri,
190 772 257 824 qui
282 771 336 813 ibi
363 778 644 822 remanserant,
673 787 753 814 non
781 773 914 814 minus
942 773 1045 814 idem
1073 773 1304 825 Sepulcrum
1330 786 1422 812 cum
1450 772 1695 824 processione
1724 785 1795 811 sua
1813 771 1976 810 circum-

61 832 243 885 girantes,
271 831 435 873 orationi
463 833 662 882 vacabant,
691 833 758 884 qui
786 847 878 885 prae
897 833 1018 873 nimio
1037 834 1170 873 dolore
1188 846 1309 884 genas
1328 845 1420 872 suas
1440 837 1477 872 et
1495 831 1655 884 capillos
1675 844 1768 871 suos
1788 831 1975 870 ululando

61 891 330 944 decerpebant.
385 891 487 932 Cum
519 892 678 932 autemb
705 894 872 945 populus
905 898 1051 942 noster,
1087 892 1260 933 oratione
1288 905 1360 932 sua
1395 892 1436 932 in
1472 893 1616 944 templo
1644 891 1806 942 expleta,
1840 891 1889 929 ad
1918 903 1975 929 00-

60 950 218 992 clesiam
245 950 486 991 Sanctissimi
506 951 679 1003 Sepulcri
707 952 932 1001 redissentss,
962 958 1174 1003 antequam
1201 952 1339 992 ianuas
1367 950 1634 1000 introissentd‚
1665 950 1890 990 nuntiatum
1918 954 1976 989 est

60 1010 299 1064 patriarchae
340 1015 378 1050 et
414 1011 550 1051 ceteris
591 1011 722 1062 ignem
762 1011 1135 1052 desideratissimum
1175 1011 1253 1051 iam
1294 1011 1333 1050 in
1375 1011 1554 1062 lampade
1593 1025 1675 1050 una
1715 1014 1806 1049 ante
1847 1009 1976 1060 ipsum

61 1069 292 1122 Sepulcrum
317 1069 476 1111 caelitus
495 1071 616 1122 gratia
634 1070 703 1111 Dei
722 1084 931 1112 accensum
948 1071 1079 1119 fuisse,
1109 1084 1226 1122 quem
1245 1070 1403 1122 propius
1422 1076 1606 1118 astantes,
1636 1083 1703 1122 per
1722 1069 1975 1109 fenestrulase

61 1131 251 1186 quasdam
276 1129 434 1170 rutilare
459 1130 538 1170 iam
566 1131 750 1171 viderant.
806 1132 911 1182 quod
938 1144 1029 1171 cum
1055 1131 1275 1183 patriarcha
1302 1129 1484 1178 audisset,
1522 1135 1668 1181 quanto
1706 1128 1818 1168 citius
1852 1127 1977 1179 potuit

60 1188 152 1230 illuc
190 1189 326 1235 laetus>
353 1189 589 1242 properavit;
628 1195 666 1230 et
706 1198 798 1230 cum
837 1191 886 1231 de
921 1191 1127 1236 claviculis,
1166 1203 1264 1241 quas
1299 1189 1340 1229 in
1367 1203 1490 1229 manu
1518 1203 1590 1230 sua
1617 1189 1803 1240 gestabat,
1833 1187 1977 1227 ostium

61 1247 236 1301 Sepulcri
274 1254 495 1297 reserasset,
535 1249 740 1290 confestim
780 1250 872 1290 vidit
908 1250 1040 1302 ignem
1079 1250 1119 1290 in
1159 1250 1350 1301 lampade,
1392 1262 1509 1300 quem
1551 1255 1632 1289 tam
1675 1252 1976 1300 praeoptaverat,

62 1308 274 1360 splendere.
343 1321 421 1360 qua
471 1309 519 1348 de
558 1322 601 1349 re
641 1310 752 1350 valde
792 1310 969 1359 laetatus,
1010 1309 1188 1362 primitus
1230 1314 1320 1349 ante
1362 1309 1402 1349 S.
1438 1309 1669 1361 Sepulcrum
1709 1307 1852 1358 gratias
1896 1307 1977 1345 Deo

62 1367 240 1416 reddens,
269 1380 311 1407 se
337 1367 535 1408 humiliter
563 1369 785 1420 prostravit3
814 1374 948 1421 postea
977 1383 1079 1418 vero,
1109 1382 1272 1409 accenso
1301 1368 1378 1408 illic
1404 1382 1516 1409 cereo
1535 1381 1628 1416 uno,
1659 1368 1761 1407 foras
1781 1371 1977 1406 revertens

63 1425 238 1467 divinum
273 1427 406 1468 lumen
443 1428 627 1468 omnibus
663 1429 933 1470 manifestavit.
989 1430 1094 1480 quod
1131 1442 1222 1468 cum
1249 1428 1468 1469 videremus
1497 1428 1563 1479 qui
1591 1428 1797 1467 aderamus
1826 1439 1975 1473 omnes,

62 1485 330 1539 Kyneteisonf
353 1487 626 1537 exclamantes,
654 1488 794 1539 gaudio
812 1489 1014 1529 maximo&
1039 1488 1159 1540 gavisi
1178 1502 1328 1537 sumus,
1349 1493 1386 1528 et
1405 1493 1551 1539 quanto
1571 1485 1687 1539 plush
1717 1486 1976 1533 dolueramus,

64 1550 172 1587 tanto
212 1546 337 1598 magis
376 1551 471 1587 tunc
511 1548 558 1588 de
598 1548 784 1588 miraculo
825 1549 1115 1588 exsultavimus.-
1171 1561 1239 1600 per
1280 1553 1402 1588 totam
1441 1547 1633 1598 extemplo
1673 1545 1866 1585 civitatem
1892 1546 1977 1584 laus

62 1604 233 1646 iucunda
259 1610 296 1646 et
322 1606 469 1647 clamor
495 1607 704 1647 laudifluus
732 1607 894 1659 proinde
922 1608 1070 1657 sonuit;
1100 1611 1243 1647 sonant
1271 1607 1392 1659 signa,
1422 1608 1588 1659 populus
1617 1604 1800 1645 manibus
1819 1605 1978 1655 plaudit,

11 1680 13 1698 1
63 1664 190 1706 clerus
223 1665 391 1706 1111110115ι
427 1666 608 1716 concinit,
645 1667 819 1707 carmina
855 1667 1054 1708 dulcisona
1091 1666 1259 1707 modulis
1296 1666 1579 1707 alternantibus
1608 1663 1862 1716 symphoniae
1888 1663 1978 1703 mis-

64 1729 213 1765 centur.
269 1725 500 1766 tenebamus
535 1727 807 1778 unusquisque
843 1727 883 1766 in
921 1741 1043 1767 manu
1081 1740 1154 1767 sua
1188 1739 1346 1766 cereum
1384 1740 1523 1775 unum,
1561 1725 1639 1765 iam
1676 1723 1742 1764 etk
1770 1724 1844 1763 hoc
1872 1737 1978 1775 prae-

65 1789 246 1836 paratum
281 1785 331 1824 ad
367 1784 407 1825 id
441 1785 575 1826 lumen
613 1791 793 1826 sanctum
829 1785 1132 1838 suscipiendum.
1189 1786 1366 1826 videretis
1403 1799 1471 1838 per
1499 1785 1668 1838 spatium
1694 1782 1833 1823 horae¹
1861 1784 1979 1822 unius

65 1843 177 1897 plura
212 1843 318 1884 milia
353 1857 555 1885 cereorum
591 1845 631 1885 in
660 1845 820 1885 ecclesia
847 1845 969 1898 ipsa¹¹¹
998 1847 1048 1886 ab
1076 1846 1160 1897 ipso
1187 1844 1277 1897 igne
1304 1845 1475 1896 accendi,
1503 1846 1608 1896 quod
1636 1843 1734 1884 alius
1763 1842 1825 1882 alii
1852 1843 1977 1882 libens

64 1901 322 1944 ministrabat.
377 1917 456 1944 ecce
482 1918 567 1944 vere
592 1906 676 1944 dies
702 1905 786 1955 illa,
813 1919 926 1956 quam
952 1905 1043 1953 fecit
1071 1906 1282 1945 Dominus:
1309 1904 1586 1944 exsultavimus
1615 1909 1653 1944 et
1679 1903 1807 1943 laetati
1841 1916 1978 1943 sumus

63 1960 108 2002 ’111
145 1975 202 2011 ea,
241 1967 279 2002 et
313 1963 480 2014 amplius
517 1977 636 2014 quam
669 1964 796 2004 adhuc
824 1963 999 2012 dixerim,
1029 1964 1254 2004 solemnitas
1282 1964 1572 2004 solemnitatum
1600 1963 1661 2003 die
1689 1963 1752 2002 illa
1777 1964 1878 2004 inter
1906 1975 1980 2001 nos

68 2021 216 2062 claruit.
247 2021 433 2073 quoniam
459 2035 551 2062 cum
577 2022 697 2063 missa
725 2023 918 2063 dominica
936 2024 1116 2063 decenter
1134 2023 1327 2064 celebrata
1346 2023 1481 2063 fuisset
1501 2028 1538 2063 et
1558 2029 1643 2075 post
1663 2024 1825 2064 missam
1844 2022 1979 2062 solem-

65 2079 235 2121 nizatam
270 2080 485 2121 Balduinus
520 2094 601 2130 rex,
640 2082 706 2133 qui
743 2082 869 2122 eidem
904 2082 1137 2122 solemnitati
1174 2082 1360 2123 assistens
1396 2096 1468 2134 pro
1502 2096 1612 2122 more
1639 2084 1743 2135 regio
1771 2086 1980 2122 coronatus

67 2139 203 2188 suerat,
244 2139 286 2180 111
326 2141 470 2193 templo
507 2141 728 2181 Salomonis
764 2141 973 2193 prandium
1019 2155 1136 2182 suum
1183 2141 1391 2182 festivumn
1431 2142 1700 2183 decentissime
1742 2140 1981 2194 explevisset,

61 2199 291 2240 nuntiatum
317 2204 377 2240 est
403 2200 439 2240 ei
466 2205 504 2240 et
530 2200 666 2240 ceteris
695 2200 778 2240 aliis
806 2201 873 2252 qui
900 2214 992 2241 cum
1020 2214 1065 2241 eo
1094 2215 1261 2250 eramus,
1291 2202 1422 2253 ignem
1450 2202 1739 2241 sanctissimum
1765 2203 1900 2242 iterato
1920 2202 1982 2239 ad-

116 2263 200 2307 ntu,
227 2258 268 2299 in
297 2259 449 2299 duabus
477 2259 733 2312 lampadibus,
761 2273 861 2311 quae
889 2260 929 2299 in
958 2260 1118 2301 ecclesia
1136 2261 1318 2301 dominici
1339 2261 1513 2313 Sepulcri
1540 2263 1773 2313 pendebant,
1802 2260 1983 2300 divinitus

160 2330 279 2358 nsum
304 2331 402 2359 esse.
456 2332 535 2369 quo
563 2318 694 2359 audito
720 2319 855 2360 laudes
884 2319 1002 2360 111110ο
1029 2320 1306 2372 cunctipotenti
1336 2321 1502 2360 Domino
1531 2321 1746 2369 retulimus,
1777 2326 1813 2360 et
1842 2319 1983 2371 quibus

69 2374 180 2417 libuit
207 2376 338 2418 statim
363 2379 582 2430 complures
610 2379 659 2418 ad
686 2392 833 2419 novum
860 2379 1094 2419 miraculum
1121 2380 1331 2420 videndum
1358 2380 1546 2420 laetantes
1574 2380 1830 2420 cucurrimus.
1877 2379 1984 2419 deni-

68 2446 146 2502 que
173 2449 242 2476 rex
269 2441 307 2477 et
334 2436 397 2477 alii
424 2450 515 2477 cum
543 2451 589 2477 eo
617 2451 690 2478 nos
710 2438 908 2478 subsecuti
927 2444 1040 2487 sunt3
1071 2445 1218 2479 etcum
1237 2439 1276 2479 in
1297 2439 1486 2480 ecclesia}³
1505 2441 1790 2491 retroissemus,
1818 2439 1984 2478 vidimus

192 2494 334 2546 ignem,
372 2497 420 2536 de
457 2510 535 2548 quo
571 2497 694 2537 fatum
722 2503 817 2546 erat,
846 2498 1029 2538 divinitus
1057 2499 1097 2538 in
1125 2498 1379 2566 lampadibus
1397 2500 1556 2539 accendi
1584 2500 1621 2539 01
1648 2498 1872 2540 catervatim
1899 2498 1983 2538 uni-

122 2553 211 2606 ique
248 2555 416 2607 lampadi
456 2565 641 2597 accensae
682 2557 835 2608 plebem
876 2562 1002 2598 astare
1038 2571 1130 2597 cum
1162 2558 1283 2598 cereis
1321 2558 1402 2598 suis
1440 2560 1499 2598 vel
1535 2558 1791 2599 accendendis
1821 2558 1879 2597 vel
1907 2558 1985 2598 iam

111 2619 114 2624 “
190 2613 246 2654 515
274 2615 501 2656 iubilantem
529 2616 609 2656 Deo
637 2617 677 2656 in
705 2629 798 2656 voce
825 2617 1110 2657 exsultationi&
1153 2623 1246 2657 tunc
1273 2617 1371 2658 alius
1392 2619 1454 2658 alii
1473 2620 1589 2658 corde
1608 2618 1808 2658 iucundo‘l
1828 2619 1983 2658 demon-

153 2672 230 2721 bat,
258 2673 408 2714 dicens:
436 2689 529 2726 ecce,
556 2678 635 2715 iam
663 2676 776 2715 haecr
799 2677 949 2726 lampas
976 2679 1114 2727 incipit
1141 2678 1374 2717 illuminari.
1421 2677 1518 2717 alius
1548 2692 1688 2729 nempe
1709 2678 1983 2729 respondebat:

167 2734 274 2773 video
291 2735 470 2785 alteram,
496 2737 540 2774 in
567 2747 643 2786 qua
660 2737 740 2774 iam
757 2736 916 2785 flamma
934 2737 1073 2775 rutilat
1080 2751 1096 2786 ;
1122 2737 1238 2776 illucs
1263 2739 1413 2788 quidem
1432 2751 1579 2776 cereum
1598 2752 1722 2776 meum
1742 2738 1965 2776 illuminabo
1971 2753 1987 2787 ;

152 2797 278 2831 autem
315 2798 422 2832 tuum
458 2795 520 2833 hic
545 2795 759 2844 inflamma.
815 2794 913 2834 alius
942 2794 1083 2847 quippe
1119 2795 1287 2835 dicebat:
1326 2798 1486 2835 stemust
1519 2798 1608 2835 huie
1644 2798 1818 2847 lampadi
1854 2802 1888 2835 et
1925 2810 1985 2835 ex-

82 2855 281 2919 ’peccemus
309 2853 516 2902 paulisper·
551 2866 636 2892 cum
671 2855 714 2893 in
742 2866 786 2891 ea
812 2856 916 2905 iynis
943 2857 1127 2906 insui-yet.
1182 2868 1309 2894 nonne
1337 2857 1471 2894 videtis
1499 2858 1590 2906 quia
1619 2861 1717 2894 θείω
1718 2870 1763 2895 ae
1790 2857 1987 2905 lampades

189 2910 454 2959 inflammatae
492 2912 613 2951 suut?
662 2914 775 2951 videu
803 2915 987 2963 quomodo
1024 2916 1066 2952 in
1103 2915 1174 2953 illa
1207 2915 1315 2953 iamv
1344 2915 1478 2963 fumus
1511 2916 1690 2962 enubilat,
1726 2928 1829 2954 nunc
1862 2917 1986 2953 autem

192 3035 213 3056 ὃ
230 3030 410 3064 Dominus
436 3031 532 3065 Deus
554 3032 722 3074 promisit
746 3042 784 3066 se
807 3033 1065 3066 exauditurum
1090 3033 1181 3076 τβρ.
1209 3051 1251 3056 -
1279 3032 1300 3058 b
1319 3043 1405 3076 ergo
1430 3034 1516 3076 ἰ’βρ.
1545 3052 1587 3057 -
1613 3038 1630 3059 0
1650 3034 1798 3066 redisset
1823 3034 1914 3075 τβρ.

114 3074 296 3112 introisset
321 3087 383 3120 τρ.
420 3096 466 3102 -
503 3083 521 3104 e
539 3078 718 3120 fenestras
741 3080 791 3121 τβ
799 3089 832 3122 ρ
873 3098 913 3104 -
954 3078 969 3104 s
985 3079 1066 3114 add.
1093 3091 1172 3114 cum
1198 3080 1289 3113 laem
1270 3083 1370 3123 almis
1393 3082 1443 3122 τβ
1452 3091 1484 3123 ρ
1527 3099 1569 3104 -—
1607 3086 1627 3111 g
1652 3091 1781 3123 maqno
1812 3082 1902 3123 τβρ.

117 3133 190 3158 om.
215 3125 301 3168 plus
325 3126 387 3167 Τβ.
413 3144 458 3150 --
485 3123 630 3159 ¹laetus
654 3127 744 3168 τβρ.
777 3144 816 3150 —-
849 3125 869 3152 k
889 3127 938 3160 ad
962 3128 1054 3169 τβρ.
1091 3146 1133 3151 —-
1170 3126 1272 3162 lom.
1298 3127 1407 3161 horae
1431 3129 1492 3169 τβ.
1529 3148 1572 3152 -
1608 3133 1639 3152 ¹11
1666 3131 1790 3160 sancta
1815 3129 1905 3170 τβρ.

118 3170 242 3212 festive
266 3176 298 3206 et
322 3173 413 3215 τβρ.
439 3192 483 3197 —
508 3177 528 3198 0
547 3174 587 3205 in
612 3183 644 3207 T.
671 3191 715 3196 —
741 3179 762 3206 Ρ
781 3174 961 3207 ecclesiam
986 3184 1018 3208 T.
1055 3194 1099 3199 —
1133 3180 1154 3206 q
1173 3174 1253 3208 add.
1279 3175 1365 3207 haec
1390 3175 1480 3217 τβρ.
1519 3193 1557 3198 -
1596 3180 1611 3199 1·
1636 3185 1707 3208 0111.
1734 3175 1819 3208 haec
1844 3186 1904 3217 τρ.

114 3217 194 3252 illic
217 3228 249 3252 τ.
275 3237 321 3242 -
347 3220 359 3244 t
385 3223 541 3254 astemus
566 3220 656 3263 τβρ,
693 3239 731 3244 -
762 3226 783 3246 ¹¹
802 3225 834 3254 et
859 3221 936 3254 ve'de
960 3222 1051 3263 τβρ.
1080 3241 1123 3246 -
1150 3227 1168 3246 V
1189 3231 1261 3255 om.
1288 3225 1358 3254 iam
1385 3223 1476 3264 Τβρ.

151 3280 439 3314 ssugenmeyer,
459 3282 595 3309 Pulcher
613 3289 675 3309 von
696 3283 848 3310 Chartrcs.
1812 3287 1846 3312 53

1942 3051 1985 3198 ΙΙΙΙ
