2216 3438
221 139 291 174 264
387 138 552 173 Fulcheri
577 137 807 173 Carnotensis
831 137 989 173 Historia
1014 138 1354 184 Hierosolymitana.
1386 156 1423 163 -
1451 138 1527 174 Lib.
1546 139 1573 180 I,
1599 149 1677 184 cap.
1694 139 1817 180 XXIV,
1845 140 1900 176 13.
1929 139 1984 175 14.

97 269 124 290 a.
138 263 208 289 1098
225 260 387 300 semper
417 246 591 300 aliquod
620 250 825 288 maestum
853 246 1104 289 intervenire
1119 246 1240 289 laetis
1261 247 1397 297 rebus,
1428 247 1501 289 ille
1522 247 1746 290 Podiensis
1766 249 1996 302 episcopus,
2027 261 2147 302 quem

222 323 341 361 tuum
381 311 591 360 vicarium
633 317 752 359 nobis
783 320 1063 370 commiseras,
1096 321 1270 371 peracto
1301 317 1416 368 bello,
1449 320 1498 360 in
1528 330 1608 372 quo
1637 318 1801 361 honeste
1828 318 1930 372 fuit,
1963 323 2001 362 et
2021 320 2148 373 paci-

219 391 351 444 ficata
391 390 569 439 civitate,
612 388 826 431 Kalendis
855 389 1042 444 Auqusti
1081 393 1272 432 mortuus
1310 393 1381 432 est.
1446 387 1544 444 [13]
1577 386 1735 432 nunc²⁹
1773 391 1932 444 iyitur⁸
1964 389 2052 444 filii
2080 392 2148 433 tui

221 463 435 503 commisso
459 465 586 514 patre
616 460 765 511 orbati,
796 460 874 503 tibi
903 460 1126 514 spirituali
1138 461 1260 514 patri
1280 464 1421 503 nostro
1441 461 1709 510 mandamus,
1740 464 1787 503 ut
1805 462 1880 515 qui
1899 460 2012 504 hanc
2030 464 2148 504 viam

221 533 415 586 incepisti
456 536 493 574 et
532 532 795 574 sermonibus
827 533 913 575 tuis
941 545 1017 575 nos
1047 545 1188 574 omnes
1218 536 1255 574 et
1285 535 1421 574 terras
1451 539 1617 574 nostras
1647 535 1686 574 et
1714 526 1915 586 quicquid
1943 533 1991 575 in
2021 535 2148 575 terris

222 608 309 646 erat
340 604 578 658 relinquere
606 602 747 656 fecisti
778 607 816 646 et
848 616 990 646 cruces
1022 604 1255 646 baiulando
1279 602 1497 647 Christum
1527 604 1647 658 sequi
1658 604 1918 657 praecepisti
1938 607 1977 646 et
2000 602 2147 646 Chris—

220 679 387 719 tianum
417 689 566 718 nomen
587 674 775 718 exaltare
795 676 1097 726 commonuisti,
1131 675 1367 729 complendo
1393 689 1502 729 quae
1527 674 1719 718 hortatus
1738 687 1781 717 es
1799 674 1857 718 ad
1876 687 1953 718 nos
1975 673 2147 718 veniasb

222 751 259 790 et
288 759 566 802 quoscumque
591 747 763 800 poteris,
795 750 843 788 ut
873 750 1009 789 tecum
1039 749 1225 796 veniant,
1255 747 1516 789 submoneas.
1578 746 1678 789 hinc
1708 746 1820 789 enim
1855 745 2148 789 Christianum

221 832 371 861 nomen
401 820 580 872 sumpsit
611 817 842 861 exordium.
894 823 1022 860 nam⁰
1051 822 1274 872 postquam
1305 817 1447 860 beatus
1474 818 1631 861 Petrus
1660 818 1709 860 in
1729 815 1986 866 cathedra³⁰,
2018 831 2147 871 quam

223 891 372 933 cotidie
415 890 640 941 cernimus,
689 888 1006 932 inthronizatus
1045 889 1146 943 fuit,
1193 889 1275 941 illi,
1323 891 1399 944 qui
1440 887 1595 943 priusd
1639 889 1900 932 vocabantur
1947 888 2146 939 Galilaei,

216 963 410 1015 primum
454 962 554 1004 hinc
596 965 633 1003 et
668 961 976 1014 principaliter
1019 964 1155 1004 vocati
1193 965 1295 1004 sunt
1338 960 1587 1004 Christiani.
1649 961 1754 1015 quid
1790 961 1927 1016 iqitur
1964 961 2015 1003 in
2052 960 2149 1002 orbe
2213 960 2216 961 ⁷

222 1036 378 1076 rectius
423 1038 534 1076 essee
579 1034 743 1076 videtur
785 1047 913 1087 quam
957 1036 1005 1075 ut
1044 1036 1103 1083 tu,
1142 1033 1217 1087 qui
1239 1036 1368 1086 pater
1397 1036 1434 1075 et
1464 1037 1592 1087 caput
1627 1031 1901 1078 Christianae
1929 1031 2148 1086 reliqionis
2207 1033 2216 1037 χ

223 1107 404 1157 exsistis,
459 1105 519 1147 ad
565 1105 713 1148 urbem
744 1104 1032 1158 principalem
1073 1108 1111 1147 et
1155 1104 1378 1169 capitalem
1422 1104 1661 1147 Christiani
1702 1103 1886 1147 nominis
1923 1105 2071 1146 venias
2109 1106 2151 1145 et

224 1177 386 1228 bellum,
432 1177 543 1231 quod
585 1174 731 1219 tuumf
765 1179 835 1227 est,
877 1189 928 1218 esc
967 1180 1044 1218 tua
1075 1179 1202 1229 parte
1240 1176 1473 1229 conficias?
1536 1173 1635 1231 [14]
1667 1187 1743 1218 nos
1772 1176 1887 1218 enim
1921 1173 2080 1218 Tureos
2110 1177 2150 1216 et

218 1261 413 1303 paqanos
433 1250 779 1302 expuqnavimus‚
810 1247 1038 1290 haereticos
1058 1251 1211 1296 autem,
1237 1246 1421 1290 Graecos
1442 1251 1480 1289 et
1498 1247 1722 1295 Armenos,
1749 1245 1892 1301 Syros,
1912 1245 2149 1289 Jacobitas-

224 1324 329 1373 queg
368 1333 612 1373 expuqnare
654 1319 934 1372 nequivimus.
995 1319 1253 1361 mandamus
1288 1319 1427 1373 iqitur
1458 1322 1496 1360 et
1526 1318 1830 1361 remandamus
1860 1315 1981 1369 tihih,
2013 1319 2150 1360 caris—

222 1393 330 1434 simo
354 1391 476 1443 patri
507 1394 662 1442 nostro,
695 1394 741 1433 ut
772 1394 818 1433 tu
841 1394 972 1444 pater
1003 1394 1042 1433 et
1073 1393 1200 1443 caput
1229 1391 1287 1433 ad
1317 1393 1413 1433 tuae
1437 1393 1718 1444 paternitatis
1748 1390 1884 1433 locum
1913 1389 2071 1441 venias,
2111 1392 2151 1431 et
2178 1392 2187 1422 ἶ

225 1463 298 1516 qui
339 1462 450 1505 beati
481 1461 602 1504 Petri
647 1474 690 1504 es
734 1462 936 1513 vicarius,
982 1464 1029 1504 in
1072 1461 1271 1504 cathedra
1314 1463 1406 1504 eius
1453 1462 1599 1504 sedeas
1643 1465 1682 1504 et
1718 1474 1798 1504 nos
1836 1461 1951 1515 filios
1980 1464 2074 1504 tuos
2103 1461 2151 1502 in

225 1534 418 1577 omnibus
463 1537 571 1576 recte
614 1534 790 1588 aqendis
831 1532 1099 1576 oboedientes.
1132 1533 1287 1575 habeas
1332 1536 1370 1575 et
1411 1546 1552 1576 omnes
1596 1532 1799 1583 haereses,
1851 1533 2153 1586 cuiuscumque

219 1606 388 1660 yeneris
423 1607 521 1656 sint,
568 1609 643 1647 tua
683 1605 932 1647 auctoritate
971 1608 1010 1647 et
1040 1608 1187 1647 nostra
1218 1602 1389 1647 virtute¹
1420 1602 1654 1647 eradices⁸¹
1683 1608 1723 1647 et
1751 1604 1963 1647 destruas.
2024 1606 2062 1646 et
2089 1603 2152 1646 sic
2201 1610 2216 1663 ‘-

224 1677 437 1720 nobiscum
474 1677 588 1718 viam
617 1676 726 1719 Jesu
761 1674 923 1719 Christi
964 1690 992 1718 a
1035 1675 1154 1719 nobis
1195 1677 1406 1729 inceptam
1435 1679 1473 1719 et
1503 1690 1531 1718 a
1561 1679 1600 1719 te
1620 1675 1921 1730 praedicatam
1949 1674 2152 1729 perficias
2199 1664 2216 1718 ζ’

223 1748 291 1792 et¹1
326 1753 480 1803 portas
520 1748 646 1791 etiam
685 1750 908 1802 utriusque
947 1747 1220 1790 Hierusalem
1261 1747 1383 1791 nobis
1419 1749 1590 1801 aperias
1620 1751 1659 1790 et
1688 1746 1939 1802 Sepulcrum
1969 1745 2151 1790 Domini
2200 1774 2201 1777 =

222 1821 401 1864 libe-rum
445 1824 568 1874 atque
605 1818 897 1862 Christianum
936 1833 1086 1862 nomen
1127 1831 1259 1873 super
1297 1832 1419 1862 omne
1454 1832 1605 1862 nomen
1635 1819 1868 1863 exaltatum
1894 1818 2049 1872 facias.
2109 1817 2151 1860 si

223 1893 334 1935 enim
379 1893 438 1935 ad
480 1905 555 1934 nos
602 1892 767 1934 veneris
812 1895 850 1933 et
893 1893 1007 1934 viam
1047 1905 1126 1944 per
1168 1894 1206 1933 te
1250 1892 1461 1943 inceptam
1502 1890 1720 1934 nobiscum
1752 1890 1995 1945 perfeceris,
2039 1891 2150 1932 totus

223 1964 408 2006 mundus
450 1963 527 2006 tibi
569 1962 791 2005 oboediens
834 1963 925 2005 erit.
988 1963 1099 2015 quod
1139 1964 1230 2015 ipse
1269 1965 1307 2015 te
1344 1961 1487 2014 facere
1526 1963 1663 2015 faciat
1704 1962 1781 2016 qui
1816 1958 1948 2004 Deus¹
1976 1961 2081 2003 vivit
2109 1963 2151 2003 et

223 2039 375 2089 reqnat
405 2035 453 2076 in
484 2034 653 2077 saecula
683 2033 960 2076 saeculorum.
1023 2033 1215 2075 Amenm.

342 2158 359 2178 ὃ
379 2162 460 2196 erqo
486 2153 577 2194 βδμ.
615 2170 659 2176 -
695 2151 715 2177 b
735 2154 858 2186 venias
882 2161 954 2186 om.
981 2162 1132 2194 Anonp.
1169 2171 1213 2176 —
1247 2156 1265 2177 0
1283 2155 1471 2195 postquam
1497 2151 1591 2185 enim
1616 2160 1660 2184 w.
1694 2168 1739 2175 —
1770 2148 1792 2176 d
1811 2160 1884 2184 om.
1909 2151 2018 2195 prius
2041 2159 2076 2183 o.
2103 2167 2145 2174 -—

222 2206 240 2226 e
265 2211 337 2234 om.
364 2211 437 2234 esse
462 2210 495 2235 ο.
528 2218 571 2223 -
606 2198 621 2225 f
643 2204 745 2234 tuum
765 2201 962 2243 proprium
988 2210 1032 2233 w.
1060 2217 1100 2223 —
1129 2205 1149 2231 g
1168 2199 1425 2242 iacobistasque
1448 2209 1484 2233 n.
1510 2216 1554 2222 —
1580 2196 1603 2224 h
1622 2198 1689 2232 tibi
1711 2197 1777 2232 hoc
1801 2198 1896 2240 βδμ.
1921 2217 1969 2224 -
1994 2195 2007 2223 ¹
2030 2197 2089 2230 m'r
2111 2206 2147 2230 R.

227 2266 265 2272 -
295 2247 317 2274 k
338 2258 410 2282 om.
434 2247 605 2291 perficias
629 2251 661 2281 et
685 2247 953 2289 ΑΒεαοΒβδμ.
987 2266 1032 2271 -
1058 2245 1070 2272 1
1095 2257 1167 2281 om.
1194 2247 1294 2280 Deus
1318 2257 1352 2280 R.
1385 2266 1430 2271 —
1461 2252 1494 2272 111
1521 2244 1607 2280 Cod.
1634 2244 1789 2280 Florem.
1813 2244 1920 2280 Laur.
1942 2243 2032 2289 plut.
2055 2242 2150 2282 va

222 2294 282 2329 Nr.
307 2295 353 2329 35
379 2294 460 2329 add.
487 2296 623 2338 scripsi
651 2297 789 2338 scripta
814 2295 879 2328 XI
904 2295 963 2328 die
993 2296 1154 2329 intrante
1178 2304 1295 2327 mense
1319 2293 1528 2338 Septembre.
1579 2292 1780 2328 seeundum
1805 2291 1892 2327 Cod.
1917 2290 2030 2326 Paris,
2054 2290 2146 2331 Bibl.

221 2347 296 2377 nat.
322 2342 382 2378 lat.
409 2342 501 2377 2827
516 2342 540 2377 f.
570 2342 637 2376 129
662 2341 762 2376 addit
786 2352 836 2375 w:
862 2342 954 2375 mihi
983 2343 1125 2385 quidem
1156 2342 1311 2375 relatum
1343 2346 1394 2375 est
1417 2352 1543 2383 unum,
1575 2341 1669 2384 quod
1692 2341 1795 2375 valde
1819 2340 1895 2375 Deo
1918 2339 2151 2382 omnibusque

226 2391 452 2425 Christicolis
485 2392 710 2424 contrarium
735 2394 796 2433 est,
828 2390 922 2433 quod
945 2391 1082 2433 siynati
1106 2393 1232 2423 sancta
1257 2399 1361 2423 cruce
1385 2400 1408 2422 a
1433 2393 1465 2422 te
1489 2389 1671 2422 licentiam
1694 2388 1851 2422 habeant
1873 2389 1972 2421 inter
1996 2386 2148 2421 Christi-

225 2439 321 2472 colas
355 2439 504 2472 morari.
555 2438 649 2481 quod
683 2437 835 2471 multum
869 2438 995 2477 miror,
1031 2438 1118 2480 quia
1151 2440 1191 2470 tu
1226 2438 1386 2480 inceptor
1419 2437 1539 2470 sancti
1569 2438 1713 2470 itineris
1742 2445 1823 2470 cum
1846 2437 1910 2479 sis,
1942 2434 2151 2478 differentes

225 2490 387 2520 sanctum
412 2488 482 2519 iter
506 2496 529 2518 a
554 2489 586 2519 te
611 2485 799 2519 consilium
826 2485 878 2518 vel
895 2484 1038 2527 aliquid
1055 2484 1139 2518 boni
1153 2483 1282 2517 habere
1299 2495 1370 2517 non
1387 2484 1522 2527 debent,
1547 2484 1623 2517 nisi
1646 2487 1806 2527 coeptum
1830 2483 1899 2516 iter
1914 2481 2148 2526 adnnpleant.

225 2539 257 2567 et
282 2544 354 2567 non
380 2537 430 2567 est
454 2533 556 2567 nobis
581 2543 681 2577 opus,
707 2536 748 2565 ut
772 2532 901 2566 bonum
927 2532 1020 2575 quod
1045 2533 1190 2574 coepisti
1214 2531 1404 2571 disturbes,
1431 2532 1492 2565 sed
1516 2532 1623 2564 etiam
1647 2535 1708 2565 tuo
1741 2531 1896 2564 adventu
1925 2533 1958 2563 et
1989 2531 2150 2563 omnium

226 2582 397 2615 bonorum
432 2583 606 2622 virorum,
639 2590 875 2623 quoscumque
903 2580 1042 2622 poteris
1065 2579 1243 2612 adducere
1267 2586 1390 2622 tecum,
1415 2589 1482 2612 nos
1507 2579 1721 2613 corrobores.
1770 2578 1866 2612 decet
1888 2578 1995 2616 enim.
2017 2579 2060 2610 ut
2082 2585 2151 2612 nos

229 2630 296 2662 Dei
320 2629 461 2662 auxilio
486 2630 627 2671 tuisque
650 2630 786 2661 sanctis
810 2627 975 2670 precibus
999 2626 1239 2670 adquisitores
1264 2628 1371 2660 totius
1395 2627 1605 2667 Romamne,
1634 2625 1794 2669 Ciliciae,
1817 2626 1940 2665 Asiae,
1964 2624 2095 2668 Syriae
2117 2627 2152 2657 te

228 2677 422 2710 habeamus
452 2680 534 2719 post
569 2676 685 2709 Deum
719 2675 919 2717 adjutorem
952 2678 984 2707 et
1017 2674 1286 2708 subvenientem.
1335 2678 1375 2708 tu
1409 2684 1490 2709 vero
1521 2683 1588 2708 nos
1611 2674 1706 2718 filios
1726 2683 1796 2717 per
1819 2673 1942 2706 omnia
1965 2671 2031 2706 tibi
2052 2670 2152 2705 oboe-

228 2725 374 2766 dientes,
394 2727 505 2767 pater
527 2725 700 2766 piissime,
726 2722 827 2756 debes
851 2732 1026 2766 separare
1050 2721 1094 2755 ab
1119 2723 1253 2755 iniusto
1277 2724 1504 2764 imperatore,
1530 2723 1594 2765 qui
1616 2720 1731 2755 multa
1748 2720 1840 2755 bona
1850 2720 2023 2764 promisit
2037 2714 2150 2759 nobis,

226 2773 287 2805 sed
319 2773 464 2805 minime
493 2771 589 2813 fecit.
639 2772 760 2804 omnia
794 2772 888 2802 enim
912 2770 1011 2802 mala
1036 2773 1068 2802 et
1091 2769 1346 2812 impedimenta
1371 2779 1610 2812 quaecumque
1633 2768 1755 2811 facere
1773 2769 1905 2812 potuit,
1928 2765 2031 2800 nobis
2053 2765 2167 2809 feeit„

228 2819 313 2852 haec
340 2818 477 2852 Charta
502 2818 576 2860 fuit
599 2819 737 2861 scripta
761 2817 819 2851 die
844 2817 909 2850 XI
926 2818 1086 2850 intrante
1110 2816 1309 2859 Septembri
1330 2817 1526 2850 indictione
1548 2816 1620 2850 IV.

348 2940 395 2975 29
424 2939 468 2984 ἓξ
501 2938 548 2975 13
578 2949 615 2976 u.
650 2937 719 2975 14:
758 2937 864 2974 Bitte
891 2949 943 2974 an
971 2936 1046 2974 den
1074 2935 1208 2985 Papst,
1238 2949 1281 2973 er
1309 2938 1413 2985 mb'qe
1441 2935 1552 2973 selbst
1578 2947 1627 2973 zu
1654 2934 1773 2972 ihnen
1798 2934 1970 2972 kommen
1997 2932 2080 2970 und
2106 2932 2150 2969 in

231 2997 460 3035 Antiochien
498 2999 627 3034 seinen
656 2996 742 3034 Sitz
775 2996 998 3034 einnehmen
1035 2996 1118 3033 und
1154 2996 1224 3032 mit
1260 2995 1377 3032 ihnen
1413 2995 1489 3033 alle
1516 2994 1709 3032 Hc'iresien
1743 2996 1940 3031 ausrotten
1967 2991 2050 3030 und
2076 2990 2151 3029 das
2166 3007 2185 3055 3·

229 3056 364 3104 heiliqe
403 3056 510 3093 Grab
549 3056 729 3104 befreien.
776 3076 822 3081 —
864 3056 913 3092 30
951 3053 1007 3092 Zu
1037 3053 1282 3092 cathedra
1311 3053 1439 3092 eius:
1475 3053 1547 3104 vgl.
1577 3065 1609 3092 c.
1638 3051 1706 3091 XV
1735 3064 1762 3090 n
1793 3052 1855 3090 13.
1900 3072 1947 3079 —
1991 3052 2038 3088 81
2065 3054 2178 3103 ²¹¹²ss

229 3113 544 3153 auctoritate
574 3114 826 3153 eradices:
857 3113 963 3152 siehe
991 3113 1059 3152 das
1089 3125 1134 3151 zu
1165 3126 1190 3151 n
1224 3114 1239 3151 1
1275 3112 1488 3151 Bemerkte.
2164 3115 2180 3186 Ξ
