2216 3438
225 190 295 224 222
415 188 579 224 Fulcheri
604 187 834 223 Carnotensis
859 187 1015 223 Historia
1040 185 1378 232 Hierosolymitana.
1405 205 1451 211 —-
1477 186 1552 222 Lib.
1574 186 1600 232 1,
1626 197 1705 231 cap.
1722 186 1797 224 XV.
1825 186 1880 223 12.
1908 187 1964 223 13.

102 309 212 336 a.109⁷
232 298 444 341 sedissent
475 300 518 340 et
546 297 814 352 provinciam
836 297 1027 340 adfinem
1047 310 1127 351 pro
1150 296 1436 338 victualibus'²
1456 295 1537 338 sibi
1557 296 1811 339 necessariis
1830 292 2155 351 rapinantesb⁸⁶

227 371 421 424 undique
462 370 766 412 devastassent
809 371 852 411 et
892 381 1054 423 panem
1092 367 1149 410 ad
1193 368 1427 410 emendum
1464 371 1709 422 nusquame
1739 367 1933 410 invenire
1963 370 2154 423 possent,

229 441 407 495 contigit
446 455 521 484 eos
560 441 722 483 famem
760 437 1028 483 maximamd
1060 439 1285 482 sustinere.
1348 439 1465 482 unde
1497 439 1625 482 valde
1657 439 1840 483 desolati
1868 430 1974 482 sunt
2004 453 2155 482 omnes

228 515 271 555 et
302 513 426 554 multi
457 513 667 555 latentere
698 512 1002 566 cogitaverunt
1033 511 1088 554 ab
1121 511 1348 554 obsidione
1379 511 1584 565 fugiendo
1616 525 1662 554 se
1693 507 1972 554 subtraheres
1982 506 2033 563 ³⁷,
2065 511 2156 553 sive

227 598 305 639 per
341 587 502 626 terram
545 585 636 627 sive
667 597 746 638 per
775 597 909 626 mare.
969 580 1068 637 [12]
1100 596 1189 625 non
1221 583 1337 625 enim
1368 583 1598 625 habebant·
1626 583 1861 638 quicquam
1893 582 2095 638 stipendii
2105 579 2154 634 ³⁸,

227 656 345 698 unde
389 656 534 698 vivere
576 659 774 710 possent:
818 669 928 710 quos
972 656 1104 697 etiam
1144 654 1374 710 oportebat
1414 655 1577 697 victum
1618 667 1748 697 suum
1783 655 1914 709 longe
1946 667 2156 710 quaerere

228 742 326 770 cum
363 728 526 781 ingenti
557 727 725 777 timore,
767 727 1014 780 elongando
1042 739 1088 768 se
1132 726 1189 768 ab
1236 726 1462 769 obsidione
1509 729 1586 769 aut
1618 726 1693 769 XL
1727 729 1804 770 aut
1845 727 1908 769 Lg
1941 726 2155 776 miliariis;

227 800 314 849 nbi,
357 800 401 841 in
432 799 652 841 montanis
694 798 903 849 videlicet,
947 811 973 839 a
1004 797 1156 840 Turcis
1200 797 1506 840 insidiantibus
1546 811 1758 853 persaepe
1790 794 2156 840 occidebantur.³⁹

227 868 327 926 [13]
360 871 467 913 haec
501 873 646 912 autem
679 866 1005 912 incommodam
1036 870 1302 924 putabamus
1334 869 1394 912 sic
1426 866 1634 912 Francish
1658 872 1837 924 propter
1851 872 2036 926 peccata
2058 866 2157 912 sua¹

227 943 478 996 contingere
489 940 523 994 k,
557 945 600 984 et
632 942 750 996 quod
781 941 935 984 urbem
966 943 1059 983 tam
1089 941 1220 995 longo
1242 938 1483 996 tempore‘ss
1506 954 1595 984 non
1616 943 1820 996 poterant
1839 954 2014 996 capere:
2047 954 2157 996 quos

2207 878 2216 910 ¹!

2201 923 2216 973 ξ

2208 979 2216 993 Ι

2201 1007 2216 1045 ἀ

347 1072 365 1092 a
385 1065 520 1101 recenti
546 1076 658 1100 manu
685 1077 708 1099 α
734 1065 769 1100 in
797 1065 1012 1100 victualibus
1036 1046 1264 1109 suprascr.r.
1293 1083 1334 1089 —-
1364 1064 1384 1090 b
1402 1066 1585 1109 rapientes
1610 1075 1666 1100 κε.
1700 1083 1730 1087 -
1763 1069 1782 1091 ⁰
1799 1075 1996 1108 numquam
2022 1073 2046 1098 a
2057 1074 2085 1099 s.
2116 1083 2155 1088 -

226 1113 247 1140 d
267 1125 436 1158 maynam
454 1114 715 1156 Assrlonssbu.
737 1134 782 1138 —
799 1119 817 1139 e
837 1114 995 1146 Iatanler
1013 1113 1044 1146 δ.
1063 1133 1107 1138 -
1129 1111 1144 1138 f
1160 1114 1203 1147 de
1219 1113 1400 1147 obsidione
1417 1113 1593 1156 aufugere
1611 1112 1687 1156 [aut
1702 1112 1830 1156 fugere
1841 1111 1877 1156 R]
1895 1112 2112 1155 ΔΒῐ-Ὶοκβδ
2122 1122 2157 1154 μ.

229 1181 272 1233 ἶ
289 1168 319 1236 gk
329 1162 526 1254 [⁶⁴53ngAE
535 1162 730 1252 Βῢβῃὶἷζμὲ.μ-
748 1160 770 1186 h
790 1172 813 1195 a
832 1161 992 1195 Francis
1009 1171 1028 1194 c
1040 1171 1070 1195 P.
1090 1180 1134 1184 —
1155 1159 1167 1187 1
1186 1160 1268 1195 add.
1283 1161 1412 1204 quibu-3
1427 1161 1535 1195 multi
1546 1160 2052 1204 constrinyebanturnnrion
2063 1160 2156 1203 βδμ.

227 1332 417 1383 gegeben:
452 1330 698 1380 „invidebant
726 1329 831 1368 enim
860 1328 977 1368 Turci
1005 1326 1236 1368 Christianis
1266 1326 1350 1374 illis,
1381 1326 1562 1366 timentes
1591 1339 1642 1366 ne
1669 1325 1942 1378 quoquomodo
1970 1325 2158 1366 auxilium

227 1391 387 1431 Francis
428 1389 737 1442 impenderent“.
795 1388 931 1428 Guizot
959 1389 1030 1428 39:
1075 1387 1298 1438 „craignant
1335 1399 1410 1437 que
1448 1386 1613 1437 quelque
1643 1386 1737 1438 jour
1775 1398 1840 1426 ces
1876 1385 2069 1426 chretiens
2106 1397 2158 1424 ne

228 1464 328 1491 nous
358 1451 636 1490 secondassent
665 1449 784 1488 d'une
813 1447 987 1487 maniere
1016 1460 1066 1487 ou
1095 1446 1214 1486 d'une
1242 1447 1390 1486 autre“.
1423 1468 1468 1474 —
1501 1448 1551 1486 85
1579 1447 1625 1494 ἐξ
1657 1446 1702 1485 11
1733 1458 1772 1486 u.
1806 1446 1872 1486 12:
1907 1445 2158 1498 Hunyersnot

227 1514 280 1551 im
309 1512 554 1550 Kreuzheere
581 1510 664 1548 und
692 1510 810 1547 deren
835 1509 992 1547 m‘ichste
1010 1508 1166 1558 Folyen.
1199 1529 1244 1534 —
1277 1505 1575 1556 aliquandiu:
1605 1505 1692 1546 eine
1710 1505 1896 1556 Zeitlang.
1943 1504 2057 1544 Diese
2075 1503 2159 1544 Zeit

228 1572 334 1610 kann
372 1570 603 1609 annahernd
633 1567 832 1607 bestimmt
860 1567 1037 1606 werden:
1067 1566 1169 1606 nach
1197 1579 1253 1605 ca.
1284 1566 1372 1605 ftinf
1395 1565 1573 1605 Wochen
1603 1565 1672 1605 der
1699 1565 1976 1616 Umlagerung,
2004 1563 2088 1603 also
2116 1562 2157 1602 in

229 1632 296 1670 der
325 1629 483 1669 zweiten
514 1629 642 1668 Halae
670 1627 910 1667 Novembers
942 1627 1042 1666 1097
1083 1626 1212 1677 singen
1251 1625 1312 1665 die
1339 1625 1673 1675 Nahrungsmittel
1711 1638 1762 1664 an
1799 1637 1864 1664 rar
1900 1636 1948 1663 zu
1985 1619 2156 1671 werden,

229 1691 422 1730 nachdem
466 1688 537 1728 seit
571 1689 660 1727 dem
698 1687 872 1738 Beginne
914 1687 982 1725 der
1010 1686 1252 1736 Belagerung
1294 1699 1384 1724 man
1430 1685 1469 1724 in
1502 1677 1692 1724 Uberfluss
1733 1684 1861 1736 gelebt
1896 1683 2004 1724 hatte
2031 1681 2158 1732 (siehe

230 1750 349 1790 HChr
365 1750 472 1798 214).
516 1748 586 1788 Die
605 1748 914 1797 Hungersnot
935 1746 1171 1785 erreichte
1191 1745 1248 1784 im
1270 1745 1428 1784 Monat
1446 1745 1623 1784 Januar
1645 1745 1749 1784 1098
1767 1743 1902 1783 ihren
1920 1742 2157 1782 hochsten

230 1811 352 1850 Grad
395 1808 517 1857 (siehe
559 1807 678 1847 HChr
719 1807 825 1855 226).
887 1805 972 1845 Alle
1009 1805 1294 1856 gleichzeitigen
1324 1805 1507 1844 Erztihler
1549 1803 1749 1843 berichten
1792 1803 1887 1842 iiber
1914 1801 1982 1843 sie.
2041 1800 2156 1841 Auch

230 1870 394 1909 Fulcher
434 1869 585 1908 kommt
627 1866 729 1906 noch
771 1865 916 1905 einmal
955 1878 987 1905 c.
1017 1865 1116 1913 XVI,
1159 1866 1191 1904 1.
1228 1865 1252 1903 2
1287 1863 1527 1903 ausfiihrlich
1554 1864 1623 1903 auf
1647 1862 1703 1902 sie
1730 1862 1885 1902 zuriick.
1941 1861 2026 1913 vgl.
2055 1860 2153 1901 auch

230 1929 382 1968 Wilken
413 1929 441 1974 Ι,
475 1929 575 1976 18Ο;
615 1926 730 1977 Sybel
758 1926 839 1964 380
867 1926 997 1974 (326);
1034 1925 1156 1976 Peyre
1184 1925 1212 1972 1,
1243 1925 1340 1972 454;
1377 1923 1446 1963 ΗΕ
1479 1925 1573 1963 150:
1607 1922 1677 1962 ΗΡ
1706 1923 1803 1970 2123
1832 1921 1906 1962 HG
1933 1922 2032 1970 2493
2061 1919 2157 1972 HEp

230 1990 320 2028 283.
351 1989 442 2027 322.
473 1988 569 2034 3463
605 1985 762 2025 R.1.Kr.
795 1986 869 2024 116
886 1985 923 2024 ff.
969 2009 1015 2013 -—
1057 1987 1107 2023 36
1134 1983 1365 2035 rapinari‚
1397 1983 1539 2023 neulat.
1570 1983 1631 2022 fiir
1657 1995 1805 2034 rapere,
1834 1980 1991 2033 rapinas
2018 1980 2156 2020 facere.

229 2049 349 2088 Barth
379 2049 479 2087 310:
515 2045 820 2097 „rapinantes
856 2044 880 2084 i.
910 2057 943 2084 e.
973 2049 1143 2095 agentes,
1174 2044 1417 2094 serentesque
1445 2042 1589 2082 omnia.
1646 2054 1719 2081 nec
1746 2046 1805 2081 est
1831 2040 2053 2092 improbum
2081 2051 2157 2079 usu

230 2109 430 2147 verbum“.
480 2130 513 2135 -
559 2105 672 2145 Auch
710 2105 751 2144 in
780 2105 898 2144 Gesta
930 2105 1002 2143 134
1042 2103 1156 2152 (XIV,
1186 2104 1226 2151 3)
1256 2103 1352 2142 wird
1381 2102 1573 2154 bestatigt,
1601 2101 1678 2141 dab
1706 2101 1767 2141 die
1795 2101 1976 2140 Franken
2010 2102 2156 2148 „totam

230 2174 373 2207 terram
404 2167 687 2206 Saracenorum
723 2165 763 2203 in
792 2163 982 2214 expendio
1011 2163 1237 2211 miserant“,
1267 2164 1303 2202 d.
1324 2161 1348 2202 i.
1378 2166 1586 2202 verwiistet
1612 2161 1763 2209 hatten,
1797 2159 1925 2200 wobei
1951 2158 2013 2198 die
2040 2157 2154 2198 einen
2215 2153 2216 2156 ¹

230 2228 351 2266 Beute
392 2226 584 2277 gefunden
625 2224 771 2272 hatten,
815 2223 876 2262 die
909 2223 1058 2262 andern
1092 2223 1171 2262 leer
1206 2222 1348 2261 wieder
1382 2222 1444 2261 ins
1473 2222 1596 2272 Lager
1623 2219 1929 2271 zuriickgekehrt
1955 2217 2076 2259 seien.
2105 2238 2155 2246 -

231 2288 308 2326 Fiir
348 2299 430 2337 pro
470 2283 760 2324 victualibus
801 2282 890 2322 sibi
935 2281 1225 2321 necessariis
1267 2281 1438 2321 schreibt
1476 2281 1526 2320 L:
1567 2293 1638 2331 pro
1679 2280 1782 2320 victu
1823 2277 2061 2330 quotidiano.
2104 2298 2154 2305 —

228 2349 274 2385 37
304 2346 389 2385 Data
417 2345 533 2384 viele
552 2344 593 2383 in
612 2344 680 2382 der
698 2342 977 2393 grenzenlosen
998 2341 1159 2392 Notlage
1179 2340 1287 2380 nicht
1307 2354 1382 2380 nur
1401 2340 1569 2380 dariiber
1588 2339 1641 2379 im
1661 2339 1864 2391 geheimen
1884 2338 2156 2385 nachsannen,¹

230 2406 303 2445 wie
353 2405 409 2444 sie
450 2418 514 2444 am
563 2404 723 2443 ehesten
760 2402 884 2441 dieser
932 2402 1154 2449 entkamen‚
1199 2401 1369 2440 sondern
1411 2401 1510 2439 auch
1555 2398 1839 2439 tatsachlich
1881 2396 2157 2437 entwichen

230 2466 330 2513 sind,
360 2465 526 2504 dariiber
554 2462 742 2502 berichtet
778 2461 943 2500 Fulcber
970 2460 1011 2499 in
1041 2474 1073 2500 c.
1093 2460 1190 2500 XVI.
1247 2460 1324 2499 Der
1353 2460 1514 2499 nachste
1542 2458 1724 2510 Ausweg⁷
1753 2470 1820 2497 um
1847 2456 1933 2496 ihre
1959 2455 2080 2495 Plane
2154 2472 2158 2478 ¹

231 2523 535 2571 verwirklichen,
556 2536 650 2570 war,
671 2522 747 2561 da&
766 2521 821 2560 sie
841 2520 924 2560 sich
943 2533 1031 2560 vom
1047 2520 1170 2571 Lager
1190 2520 1421 2568 entfernten,
1442 2533 1510 2558 um
1524 2517 1858 2570 Nahrungsmittel
1877 2514 2153 2564 aufzutreiben,

231 2585 313 2623 und
347 2585 453 2623 daun
489 2582 597 2622 nicht
633 2581 746 2621 mehr
775 2580 1094 2628 zuriickkehrten,
1124 2579 1231 2619 siehe
1258 2582 1278 2627 g
1312 2580 1372 2618 15.
1418 2601 1463 2606 —
1509 2582 1559 2618 38
1588 2577 1877 2629 stipendium
1905 2575 1931 2616 i.
1951 2588 1985 2617 e.
2013 2573 2153 2623 esurio,

233 2642 416 2694 quidquid
445 2643 544 2682 vitae
563 2642 838 2682 sustentandae
858 2645 915 2679 est
934 2639 1210 2686 necessarium,
1239 2639 1530 2679 Lebensmittel.
1561 2660 1608 2666 —
1638 2640 1687 2676 39
1714 2648 1946 2688 persaepe
1973 2634 2154 2675 occide.

233 2704 405 2742 bantur
433 2702 456 2742 i.
478 2716 511 2742 e.
541 2701 707 2753 plurimi.
769 2700 842 2748 „ita
870 2700 998 2750 glossa
1026 2698 1224 2749 antiqua“‚
1254 2699 1374 2737 Barth
1403 2699 1495 2738 310.
1526 2719 1572 2725 -—
1612 2697 1681 2736 Die
1709 2694 1913 2736 vereinzelt
1940 2694 2022 2734 und
2050 2692 2131 2732 ohn

232 2763 381 2801 Fiihrer
410 2762 448 2800 in
478 2761 598 2800 ihnen
628 2760 879 2800 unbekannte
907 2759 1116 2809 Gegenden
1146 2758 1228 2797 sich
1248 2758 1618 2808 Hinauswagenden
1645 2755 1763 2796 tadelt
1790 2752 2043 2806 gelegentlich
2069 2753 2094 2792 d

231 2822 322 2860 halb
352 2821 555 2860 Boemund
593 2821 677 2860 aufs
714 2819 920 2858 scharfste:
968 2830 1013 2865 „o
1049 2817 1180 2856 infelix
1222 2823 1259 2856 et
1296 2817 1514 2856 miserrima
1542 2819 1656 2867 gensi
1713 2827 1737 2854 o
1763 2812 1949 2853 vilissima
1976 2811 2084 2852 omni

233 2880 560 2920 Christianorum!
597 2893 665 2919 cur
692 2884 773 2918 tam
801 2877 973 2918 celeriter
1001 2877 1114 2916 vultis
1143 2877 1274 2916 abire?
1321 2877 1435 2916 sinite
1461 2877 1592 2924 modo,
1621 2874 1747 2922 sinite,
1777 2884 1979 2923 usquequo
2007 2870 2105 2910 erim

233 2940 451 2991 congregati
479 2940 519 2978 in
548 2952 686 2988 unum,
716 2943 754 2978 et
782 2937 900 2977 nolite
928 2950 1056 2976 errare
1084 2935 1184 2975 sicut
1211 2949 1301 2975 oves
1330 2950 1411 2975 non
1440 2937 1631 2975 habentes
1658 2938 1855 2986 pastorem
1884 2963 1894 2971 .
1915 2962 1925 2971 .
1946 2962 1956 2971 .
1978 2926 2153 2971 ,1111111ἰοί

234 2999 354 3038 nostri
384 3030 393 3039 .
416 3029 455 3038 ..
486 2999 546 3038 die
576 3002 773 3048 noctuque
803 2996 970 3048 vigilant,
1001 3001 1042 3035 ut
1072 3008 1139 3034 vos
1168 2996 1252 3034 sine
1281 2996 1440 3034 ductore
1468 2998 1688 3045 segregatos
1715 2992 1796 3032 sive
1819 2988 1923 3031 solos
1941 2989 2153 3038 inveniant,

234 3071 373 3107 vosque
402 3058 538 3097 cotidie
567 3058 739 3098 occidere
768 3062 805 3096 et
827 3056 867 3095 in
887 3055 1145 3106 captivitatem
1164 3055 1304 3094 ducere
1322 3055 1541 3102 laborant“‚
1571 3054 1687 3093 Gesta
1709 3053 1784 3092 134
1801 3044 1926 3100 (XIV,
1945 3051 1971 3090 3
1991 3063 2028 3101 p.
2043 3047 2152 3098 256).
2202 3053 2205 3092 1

235 3139 282 3144 -
312 3119 359 3155 40
387 3119 408 3164 ἓ
432 3118 497 3156 13;
527 3118 642 3156 Ihrer
661 3118 819 3156 Siinden
847 3129 971 3166 weqen
999 3116 1156 3154 mussten
1183 3116 1246 3153 die
1268 3115 1454 3153 Franken
1482 3114 1604 3153 solehe
1629 3112 1932 3151 Beschwernisse
1958 3114 2091 3160 ertray
2202 3111 2205 3156 i

237 3200 282 3204 —
315 3175 430 3214 Siehe
467 3177 677 3215 denselben
706 3175 911 3215 Ausdruck
948 3179 1144 3225 propter
1182 3178 1378 3224 peccata
1415 3186 1498 3212 sua
1540 3171 1820 3220 contingere
1859 3169 1901 3208 in
1943 3181 1975 3207 c.
2007 3167 2073 3216 XI,
2112 3167 2154 3215 8,.
2201 3162 2205 3210 l

234 3248 296 3274 wo
324 3234 423 3274 auch
453 3235 512 3274 die
541 3234 763 3274 namlichen
793 3234 954 3274 Sfinden
982 3237 1155 3284 genannt
1184 3233 1352 3271 werden.
1386 3254 1432 3259 —
1462 3233 1509 3270 41
1538 3235 1630 3270 tam
1657 3230 1803 3280 longo
1830 3234 2040 3278 tempore
2069 3223 2138 3266 d.i
2202 3218 2204 3246 ³
