2216 3438
285 141 450 178 Fulcheri
475 142 704 178 Carnotensis
729 141 887 178 Historia
911 142 1249 188 Hierosolymitana.
1275 163 1320 168 —
1347 142 1424 178 Lib.
1442 143 1486 187 II,
1511 154 1588 188 cap.
1607 142 1647 185 V,
1673 143 1706 178 2.
1732 143 1765 178 3.
1916 142 1985 178 377

71 255 175 304 est‘,
218 254 267 294 ut
302 264 382 295 nec
412 251 551 310 bestia
589 251 808 306 quaelibet
847 265 989 306 neque
1022 252 1206 295 volucris
1238 250 1319 294 exb
1350 265 1402 294 eo
1434 252 1582 295 bibere
1614 250 1783 307 queat.⁴¹¹
1845 253 1987 307 quode
2006 262 2116 289 a·110⁰

72 337 156 378 ego
187 323 423 366 Fulcherus
465 314 760 378 ex'perimento
801 323 943 375 didici,
985 337 1084 366 cum
1122 324 1166 366 in
1203 324 1323 366 illum
1354 325 1409 367 de
1439 325 1559 367 mula
1590 338 1690 367 mea
1720 324 1990 367 descendens

71 397 115 438 et
157 395 221 438 ori
262 408 363 438 meo
403 391 569 437 manud
610 395 818 437 haustum
858 395 1103 438 inmittens⁰
1135 398 1264 450 gustu
1296 396 1479 450 probavi
1511 399 1555 439 et
1584 393 1800 440 elleboro⁵
1832 396 1988 439 amari-

71 479 193 510 orem
233 479 330 510 esse
373 463 552 509 invenis.
616 463 686 521 [2]
725 480 751 509 a
791 469 943 521 parteg
973 467 1200 522 Aquilonis
1237 468 1396 510 flumen
1429 468 1581 523 recipit
1611 468 1899 519 lor-danicum,
1935 467 1990 510 ab

71 538 233 582 Austro
274 551 378 598 vero
421 538 587 581 nullum
629 538 764 581 habet
806 538 988 581 exitum:
1029 539 1107 581 sed
1150 552 1293 594 neque
1336 540 1497 582 flumen
1536 553 1588 582 ex
1628 554 1680 582 eo
1719 542 1988 594 conceptum.

71 609 192 653 iuxta
233 623 363 665 quem
404 611 546 653 lacum
589 613 732 653 exstat
762 610 956 653 similiter
986 611 1126 653 salsus
1157 608 1310 653 mons⁶
1341 624 1455 653 unus
1486 611 1639 666 ingens
1670 615 1714 654 et
1744 609 1989 654 excelsusb:

69 683 114 724 et
155 680 274 724 idem
320 681 384 724 sal
426 681 553 736 quasi
593 681 703 736 lapis
748 682 934 733 nativus,
976 696 1065 725 non
1109 685 1256 725 tamen
1298 685 1428 734 totus,
1473 683 1551 726 sed
1591 681 1808 726 localiter⁷
1841 683 1990 737 glaciei

70 751 344 795 simillimus¹.
398 753 588 807 demergi
623 756 769 796 autem
802 754 898 808 quis
930 754 974 796 in
1006 755 1269 808 profundum
1303 754 1395 798 eius
1427 768 1505 797 nec
1537 755 1592 797 de
1624 755 1835 797 industria
1867 755 1991 798 facile

30 836 33 838 ’
69 820 281 880 potestk.8
342 821 413 880 [3]
447 824 627 868 coniicio
658 825 858 867 bifariam
889 822 1051 867 locum¹
1082 826 1200 868 illum
1233 826 1293 868 ita
1323 840 1419 869 esse
1450 826 1746 878 salsissimum,
1781 829 1824 868 et
1855 840 1907 869 ex
1938 840 1990 869 eo

69 895 187 951 quod
228 896 388 939 montis
433 897 697 951 salsuginem
738 897 1026 951 concipiensm
1064 897 1201 951 glutit,
1244 911 1374 952 quem
1407 898 1526 940 unda
1557 898 1836 952 marginalisn
1870 898 1991 940 inde-

68 966 259 1010 sinenter
278 968 456 1012 lambit⁰
477 971 521 1011 et
541 973 622 1011 exp
642 969 896 1012 decursione
918 969 1121 1012 imbrium
1143 970 1197 1012 de
1216 972 1363 1012 monte
1386 969 1480 1024 ipso
1503 970 1543 1012 in
1562 970 1705 1012 lacum
1722 970 1988 1019 fluentium‘l,

67 1038 182 1082 sive?
221 1039 407 1096 abyssus
450 1041 494 1083 in
538 1043 709 1083 tantum
754 1041 808 1083 sit
840 1054 1046 1093 concava,
1079 1044 1128 1083 ut
1158 1054 1278 1083 mare
1310 1054 1531 1095 magnum,
1565 1042 1682 1096 quod
1715 1045 1780 1084 est
1811 1043 1988 1093 salsum,

185 1151 295 1181 ⁸0m.
323 1150 375 1181 est
396 1147 661 1189 Assroxxonss.
689 1167 732 1171 —
759 1145 780 1172 b
799 1147 842 1180 de
867 1147 1091 1188 ABrfflonss.
1118 1166 1163 1170 ——
1190 1152 1206 1173 c
1225 1158 1327 1190 quem
1352 1157 1446 1189 Ain-q
1473 1158 1574 1191 quem
1600 1150 1691 1181 sieut
1718 1149 1848 1191 Gon&
1875 1148 1990 1182 bibere

65 1195 189 1239 possit.
215 1204 317 1239 quem
342 1205 364 1228 1.
404 1213 447 1218 —-
485 1192 505 1220 d
531 1205 662 1228 manus
694 1205 730 1228 Η.
769 1215 812 1219 --
851 1200 869 1220 e
893 1205 1040 1228 manum
1066 1196 1258 1229 immittens
1283 1205 1315 1228 x.
1355 1215 1398 1219 —
1439 1193 1454 1220 f
1477 1194 1698 1229 Fulcherins
1724 1195 1940 1238 [Fulcherus
1964 1196 1987 1239 1]

69 1240 310 1283 &metensi-3,
335 1244 377 1276 in
400 1243 566 1285 maryine
589 1242 633 1276 de
657 1241 757 1276 mula
781 1253 858 1276 mea
883 1243 1109 1283 descendens,
1132 1246 1242 1286 quatu
1262 1242 1416 1286 probavi
1440 1246 1471 1276 et
1502 1243 1650 1277 elleboro
1684 1246 1902 1277 amariorem
1935 1246 1989 1277 in-

68 1290 157 1324 veni.
206 1293 239 1324 et
273 1290 360 1333 quia
393 1289 488 1323 nihil
521 1291 560 1323 in
595 1300 634 1323 eo
666 1291 752 1324 vivit
785 1301 849 1324 nec
877 1291 993 1334 plscis
1023 1294 1265 1331 conversatur,
1286 1294 1481 1334 propterea
1507 1301 1607 1324 mare
1631 1291 1818 1325 Mortuum
1842 1296 1989 1326 vocatur

65 1338 303 1380 ΑΒΡῦιοιιβ.
327 1355 376 1361 -
399 1342 420 1370 8
439 1341 561 1381 aperte
586 1348 621 1371 Η.
650 1356 695 1361 --
719 1335 742 1363 h
763 1338 878 1372 celsus
902 1347 968 1372 nx.
995 1357 1039 1363 —-
1066 1337 1230 1372 iexitum
1255 1348 1367 1382 neque
1388 1339 1522 1382 flumen
1547 1349 1658 1382 neque
1677 1340 1777 1373 lacus
1803 1339 1933 1382 [laeum
1952 1340 1987 1383 il.

64 1387 173 1420 iuxta
198 1395 301 1429 quem
327 1385 442 1420 lacum
467 1385 521 1419 vel
544 1384 675 1428 [lacum
693 1385 755 1420 ubi
772 1385 794 1428 1]
821 1396 921 1419 mare
948 1385 1041 1419 illud
1058 1386 1255 1428 Mortuum,
1281 1389 1396 1419 exstat
1421 1396 1523 1419 mons
1538 1397 1645 1430 unuS,
1671 1387 1840 1421 similiter
1856 1387 1986 1427 salsus,

70 1443 142 1467 non
167 1435 285 1467 tamen
309 1436 412 1477 totus,
437 1433 500 1466 secl
525 1433 696 1474 localiter,
723 1437 891 1467 constans
914 1432 1063 1476 [constat
1088 1432 1111 1476 1]
1135 1437 1175 1467 ut
1195 1437 1303 1477 petra
1329 1433 1549 1467 durissimus
1573 1438 1605 1468 et
1618 1434 1750 1477 qlact'ei
1763 1435 1989 1470 simillimus.-

70 1480 168 1515 unde
200 1479 268 1524 sal,
301 1481 396 1524 quod
428 1481 519 1516 salis
548 1492 687 1524 qemma
720 1485 878 1525 vocatur,
914 1481 1118 1515 multotiens
1152 1482 1293 1515 vidistis
1325 1481 1555 1524 [va'dimu31],
1591 1483 1685 1525 quod
1718 1483 1761 1516 de
1785 1487 1900 1516 monte
1924 1484 1988 1516 illo

71 1529 328 1562 comminuitur
350 1530 550 1571 Aeroinss.
578 1547 621 1553 —
648 1527 668 1555 k
684 1533 786 1572 potes
811 1529 849 1569 δς
876 1538 948 1563 om.
974 1528 1032 1563 hic
1057 1529 1215 1572 denurqi
1239 1533 1355 1563 autcm
1380 1539 1495 1572 usque
1520 1530 1629 1572 facile
1644 1534 1756 1574 potest
1773 1533 1986 1573 Aerixonss

68 1585 162 1620 quae
186 1574 300 1611 verba
322 1578 404 1620 post
427 1575 492 1610 sub
519 1580 619 1610 terra
643 1577 776 1619 influat
799 1575 894 1610 infra
918 1576 1122 1611 restituunt.
1158 1597 1202 1601 —
1238 1575 1250 1602 1
1275 1577 1393 1610 lacum
1419 1579 1709 1620 ABFGmxoRB.
1749 1596 1787 1602 —
1825 1584 1856 1603 m
1884 1579 1985 1612 illum

67 1623 206 1659 salsum
231 1633 304 1658 esse
328 1627 360 1658 et
385 1634 422 1658 eo
448 1624 542 1668 quod
565 1635 704 1668 semper
728 1627 859 1658 montis
883 1625 1102 1668 salsuginem
1120 1626 1349 1667 ΑΒΡοιοΒβ.
1376 1645 1419 1648 —
1447 1630 1467 1650 11
1488 1626 1688 1668 maryinali
1712 1635 1744 1659 o.
1773 1646 1816 1650 —
1842 1632 1862 1652 0
1881 1627 1987 1670 linqit

66 1672 289 1714 Ani-’eoam
315 1681 387 1706 om.
413 1682 514 1715 qut-m
539 1673 639 1705 unda
665 1682 780 1716 usque
806 1672 928 1705 lambit
954 1682 975 1705 1.
1002 1689 1041 1695 —
1073 1678 1094 1704 Ρ
1113 1676 1143 1705 et
1168 1674 1320 1716 insuper
1344 1683 1388 1706 ex
1413 1674 1606 1715 Ansomss.
1640 1694 1683 1714 ,-
1720 1679 1738 1705 (1
1762 1674 1987 1716 e’nfluentium

64 1719 323 1761 Anrcmixnss.
349 1738 394 1744 —
419 1725 436 1745 ¹·
459 1721 531 1753 sive
557 1720 649 1763 quod
673 1730 695 1754 1.

69 1881 176 1926 λίμνη
193 1881 428 1926 Ἀσφαλτῖτις
456 1875 588 1914 kennt.
637 1873 753 1914 Siehe
781 1875 947 1914 darfiber
967 1874 1140 1914 Niiheres
1161 1874 1220 1914 bei
1248 1875 1398 1915 Reland
1418 1877 1514 1923 2413
1545 1876 1857 1929 Quarcsmiusll,
1888 1880 1983 1926 760;

66 1934 220 1983 Tobler,
248 1935 414 1986 Topogr.
434 1935 479 1983 11,
509 1935 605 1982 9073
634 1934 782 1973 Arnold
811 1934 850 1973 in
880 1934 1052 1985 Herzogs
1081 1935 1319 1985 Realencycl.
1350 1949 1439 1975 zum
1468 1935 1550 1975 Art.
1586 1936 1848 1986 „Puffisfinass
1888 1939 1984 1978 Bau-

65 2007 187 2034 mann
214 1994 282 2035 Nr.
311 1995 377 2042 36,
418 2007 455 2045 p.
485 1995 509 2033 4
538 1995 618 2032 und
647 1993 750 2032 Buhl
781 1994 868 2033 117.
902 2015 946 2020 —
977 1996 1001 2032 3
1030 1994 1136 2033 Ganz
1174 1994 1351 2034 dassclbe
1388 1995 1759 2035 Grofienverhaltnis
1794 1997 1861 2036 des
1891 1997 1984 2037 Secs

64 2053 145 2104 gibt
172 2053 271 2094 auch
293 2054 498 2104 Josephus,
518 2053 575 2092 De
594 2053 688 2092 Bell.
709 2053 790 2092 Iud.
811 2053 874 2100 lV,
905 2053 981 2092 482
1002 2053 1113 2101 (Vlll,
1135 2054 1171 2100 4,
1194 2054 1306 2093 Frob.
1329 2055 1434 2103 738),
1466 2055 1545 2094 und
1574 2069 1615 2094 es
1645 2055 1732 2095 sind
1761 2056 1820 2096 die
1853 2057 1984 2096 Worle

63 2113 132 2154 der
163 2114 196 2154 1.
216 2113 312 2154 Red.
341 2113 403 2153 bei
431 2114 500 2153 Fu.
529 2112 715 2152 identisch
740 2112 810 2152 mit
829 2113 956 2152 denen
977 2112 1037 2151 bei
1057 2113 1260 2164 Josephus,
1290 2114 1376 2153 dem
1408 2115 1503 2153 auch
1536 2115 1597 2154 die
1626 2115 1813 2166 Spfiteren
1843 2118 1984 2168 gesolgt

64 2170 164 2218 sind,
193 2185 238 2212 so
266 2186 298 2212 z.
318 2172 362 2212 B.
390 2171 647 2212 Adamnanus
675 2172 766 2211 267.
822 2170 905 2222 Vgl.
935 2172 1102 2211 dariiber
1129 2172 1342 2212 besonders
1371 2173 1626 2225 Fallmerayer
1656 2177 1706 2215 79
1722 2176 1746 2215 f.
1776 2199 1827 2203 —
1855 2178 1880 2215 4
1908 2177 1983 2216 Des

67 2231 223 2272 εἰει-ΒΘΗ
253 2231 513 2283 Salzgehaltes
541 2245 675 2282 wegen
704 2230 801 2270 wird
829 2232 897 2270 der
926 2231 999 2271 See
1027 2232 1149 2271 sehon
1179 2231 1219 2271 in
1248 2233 1315 2272 der
1344 2233 1452 2272 Bibel
1492 2233 1582 2273 das
1626 2234 1894 2274 Salzmcer
1921 2250 1982 2286 ge-

66 2295 210 2331 nennt:
238 2290 279 2330 in
307 2291 404 2332 Gen.
429 2292 489 2339 14,
519 2293 566 2339 33
603 2290 720 2330 Num.
741 2291 807 2341 34,
835 2292 872 2330 3.
906 2291 972 2339 12;
1011 2291 1121 2331 Deut.
1143 2293 1180 2339 3,
1215 2293 1280 2340 17;
1318 2292 1396 2332 Jos.
1417 2294 1454 2340 3,
1489 2294 1554 2340 163
1602 2294 1661 2341 192,
1690 2296 1733 2342 33
1778 2295 1836 2342 15,
1868 2297 1904 2334 ⁶2.
1934 2297 1980 2343 5;

66 2349 128 2399 18,
160 2350 221 2391 19.
244 2373 291 2379 —-
310 2353 335 2390 ὅ
364 2350 620 2390 elleborus
650 2351 743 2389 oder
770 2350 1098 2401 helleborus,
1127 2351 1163 2390 d.
1184 2350 1208 2391 i.
1236 2350 1442 2391 Nicsswurz
1471 2352 1510 2391 in
1539 2351 1650 2392 ihren
1680 2353 1980 2394 verschiedenen

62 2407 198 2458 Arten,
227 2409 313 2449 eine
341 2409 496 2449 Pflanze
524 2422 598 2448 von
628 2410 718 2448 sehr
747 2408 924 2449 bitterem
954 2410 1034 2449 und
1062 2410 1324 2450 widerlichem
1353 2411 1629 2452 Geschmacke.
1673 2413 1788 2452 Siehe
1817 2414 1982 2453 dariiher

65 2466 253 2520 Sehreger
281 2467 321 2508 in
351 2469 470 2508 Ersch
501 2470 581 2508 und
609 2469 772 2517 Gruber,
801 2469 900 2519 Allg.
920 2469 1073 2520 Encycl.
1095 2470 1142 2509 ad
1163 2483 1197 2509 v,
1226 2470 1251 2509 h
1269 2470 1546 2511 elleborus.
1577 2494 1629 2499 -—
1656 2475 1680 2511 6
1708 2472 1784 2512 Der
1812 2475 1981 2513 salsus

60 2539 203 2573 mons
231 2527 414 2578 ingens
453 2527 503 2567 ist
530 2529 598 2567 der
634 2541 699 2567 am
736 2527 1033 2568 siidwestlichen
1064 2529 1154 2568 Ufer
1191 2529 1258 2568 des
1287 2529 1410 2569 Toten
1442 2530 1589 2570 Meeres
1630 2531 1711 2570 sich
1751 2533 1981 2573 betlndende

64 2585 290 2638 Salzberg
318 2587 558 2627 Dschebel
584 2587 778 2636 Usdum,
805 2600 856 2626 an
885 2588 1023 2627 dessen
1052 2588 1254 2628 bsilichem
1276 2589 1383 2628 Fusse
1403 2589 1565 2629 Balduin
1586 2591 1687 2630 ohne
1717 2591 1870 2631 Zweifel
1899 2606 1979 2631 vor-

66 2644 324 2697 beigegangen
354 2645 416 2686 ist.
471 2638 580 2686 Uber
599 2646 665 2685 ihn
687 2647 759 2697 vgl.
781 2646 924 2686 Sandel
944 2649 1012 2695 993
1043 2647 1257 2687 Preiswerk
1277 2648 1325 2687 Vl
1346 2650 1483 2698 (1843)
1505 2651 1573 2697 23;
1605 2650 1808 2690 Baumann
1837 2651 1904 2690 Nr.
1926 2654 1977 2691 36

62 2715 101 2755 p.
122 2705 166 2752 4;
193 2704 326 2756 Lynch
361 2707 458 2754 1893
488 2705 612 2745 Ritter
640 2706 738 2753 XIV,
771 2706 893 2754 10563
922 2706 1003 2754 XV,
1033 2707 1124 2746 687.
1157 2708 1253 2752 733;
1292 2707 1495 2747 Robinson
1524 2709 1584 2757 111,
1616 2710 1678 2755 23,
1708 2711 1777 2757 253
1820 2710 1923 2762 Sepp
1952 2712 1978 2758 l,

65 2763 162 2812 8183
190 2763 294 2804 Roth
326 2766 422 2813 2623
452 2764 607 2805 Gautier
639 2765 732 2812 1183
763 2765 962 2805 Briinnow
991 2767 1061 2813 663
1101 2766 1291 2806 Holscher
1323 2768 1383 2806 17.
1414 2769 1476 2807 50.
1508 2769 1558 2806 93
1588 2769 1667 2807 und
1697 2769 1910 2820 Benzinger
1939 2770 1977 2809 in

63 2820 204 2861 MNDP
236 2823 337 2862 1907
368 2823 408 2863 S.
437 2825 502 2871 66,
544 2824 605 2863 bei
634 2824 778 2863 diesem
807 2823 926 2864 sowie
954 2824 1013 2864 bei
1043 2825 1177 2876 Lynch
1207 2826 1286 2864 und
1316 2825 1418 2877 Sepp
1446 2826 1734 2878 Abbildungen.
1775 2852 1822 2856 —
1862 2833 1882 2869 7
1909 2829 1977 2869 lo-

55 2880 256 2930 naliter,
285 2883 322 2922 d.
343 2882 366 2922 i.
392 2883 706 2931 „stellenweise“.
749 2883 868 2923 Barth
888 2885 984 2923 330:
1019 2883 1155 2931 „certis
1174 2889 1325 2924 tantum
1355 2885 1586 2935 quibusdam
1605 2886 1737 2926 locis“.
1779 2887 1835 2926 Zu
1864 2888 1977 2928 salis

0 2985 1 2990 ¹
50 2949 260 2991 ⁴gemma,
290 2942 326 2982 d.
348 2941 371 2983 i.
393 2942 592 2990 Steinsalz,
622 2943 690 2982 der
722 2943 754 2982 1.
776 2942 871 2982 Red.
892 2943 1066 2982 hemerkt
1084 2943 1202 2982 Barth
1224 2945 1321 2983 330:
1356 2945 1434 2992 „sal
1455 2958 1640 2995 gemmae.
1672 2946 1832 2986 officinis
1861 2947 1976 2987 hodie

0 2994 1 3008 ¹
62 2998 319 3040 notissimum.
364 3014 462 3052 quae
490 3002 536 3041 de
555 3001 617 3041 his
645 3001 750 3048 locis,
779 3001 951 3049 lacubus,
981 3002 1205 3041 fluminibus
1233 3007 1303 3042 etc.
1334 3004 1551 3054 traduntur,
1580 3010 1735 3044 centum
1765 3005 1856 3057 ipsis
1886 3020 1974 3046 neo-

60 3056 270 3098 tericorum
297 3059 404 3100 libris
433 3060 673 3101 firmantur“.
698 3082 742 3088 —
765 3062 788 3099 8
816 3061 1019 3112 Josephus‚
1049 3061 1140 3101 Bell.
1169 3061 1250 3101 Iud.
1279 3062 1341 3109 IV,
1372 3064 1448 3101 476
1478 3064 1531 3111 (8,
1561 3064 1619 3111 11):
1672 3064 1785 3111 „Sein
1816 3065 1974 3105 Wasser

61 3113 112 3156 ist
138 3129 183 3156 so
213 3116 342 3164 leicht,
383 3119 459 3158 dae
487 3133 528 3159 es
566 3120 662 3159 auch
694 3120 755 3159 die
789 3120 1026 3159 schwersten
1055 3119 1434 3171 hineingeworfenen
1466 3121 1737 3172 Gegenstande
1767 3128 1864 3175 tragt
1893 3127 1972 3164 und

61 3186 153 3215 man
180 3175 250 3216 mit
277 3177 369 3216 aller
397 3178 674 3230 Anstrengung
707 3178 815 3218 nicht
842 3178 956 3218 leicht
994 3180 1323 3218 unterzutauchen
1364 3183 1557 3231 vermag“.
1613 3173 1720 3221 Uber
1749 3183 1808 3222 die
1836 3185 1971 3223 autier-
