2216 3438
229 149 298 183 256
390 148 554 184 Fulcheri
579 148 810 183 carnotensis
834 148 992 184 Historia
1017 148 1354 193 Hierosolymitana.
1380 170 1425 176 --
1450 150 1529 186 Lib.
1546 151 1573 192 Ι,
1600 162 1677 196 cap.
1694 152 1822 197 XXIII,
1847 153 1882 188 3.
1906 153 1941 188 4.
1965 153 1999 188 5.

100 270 212 297 &1098
230 259 381 300 iacere.
434 258 511 300 sed
543 258 736 300 immisso
767 258 922 301 timore
953 255 1158 300 caelitus⁸
1188 259 1233 300 in
1264 271 1339 301 eos
1372 273 1422 302 ac
1453 260 1515 301 sia
1545 263 1662 302 totus
1693 262 1883 304 mundus
1915 275 2046 317 super
2077 276 2151 306 eos

228 332 382 379 rueret,
425 329 575 383 fugam
605 343 757 372 omnes
788 326 1144 372 immoderatam⁹
1187 333 1368 383 egerunt
1404 333 1447 373 et
1484 345 1511 374 a
1542 332 1718 374 Francis
1764 347 1844 387 pro
1883 346 2013 388 posse
2043 331 2152 376 suob

227 401 438 454 fugientes
469 401 606 454 fugati
638 403 751 443 sunt.
805 398 874 455 [3]
897 401 973 443 sed
1006 401 1110 455 quia
1139 414 1304 455 paucos
1336 404 1379 444 et
1409 402 1574 445 debiles
1606 403 1721 445 fame
1752 404 1977 447 habebant
1997 418 2148 460 equOS,

226 486 314 515 non
347 475 560 526 quantum
592 475 811 527 oporteret
842 473 896 515 de
918 473 1103 527 paganis
1130 473 1399 515 retinuerunt
1411 471 1458 524 ¹⁰,
1493 474 1595 516 sede
1616 475 1802 517 tentoria
1823 488 1975 518 eorum
1996 479 2151 519 cuncta

226 543 267 585 in
302 540 495 598 campiscl
525 546 840 586 remanserunt.
902 544 957 586 de
989 544 1119 586 rebus
1151 557 1326 598 quoque
1359 558 1510 587 eorum
1541 546 1878 589 multiformibus
1909 547 1956 589 in
1985 547 2150 590 eisdem

224 615 420 657 tentoriis
461 618 772 670 reppererunte
815 629 971 658 aurum
1011 615 1182 664 scilicet,
1225 613 1485 670 argentumf,
1527 617 1673 671 pallia,
1716 616 1985 669 indumenta,
2026 621 2151 661 uten—

223 684 366 729 silia¹l
405 689 449 729 et
485 689 628 729 cetera
667 687 817 737 multa,
860 701 973 742 quae
1014 687 1142 730 valde
1182 687 1319 729 timidi
1362 701 1441 742 per
1483 702 1662 743 campos
1693 688 1906 743 sparsimss
1935 689 2149 743 fugientes

226 758 293 800 vel
340 756 633 813 reliqueranth
681 759 749 801 vel
790 759 1020 809 iaciebant,
1068 758 1266 801 videlicet
1308 772 1458 814 equos,
1506 760 1662 811 muIOS‚
1715 759 1918 811 cameIOS‚
1965 758 2147 811 asinos&
2214 746 2216 767 ³

223 827 423 884 galerosk
445 826 649 884 optimos¹
664 827 711 880 ¹²,
735 844 860 872 arcus
882 832 964 872 etm
986 830 1168 884 sagittas
1191 843 1290 872 cum
1305 828 1578 885 pharetris¹⁸
1620 827 1690 885 [4]
1706 830 1817 884 fugit
1829 829 2150 886 Corbagath111⁴=

221 914 352 944 cervo
390 901 591 952 velocius,
632 901 707 956 qui
744 904 861 944 tam⁰
900 902 1000 944 feris
1033 902 1156 944 dictis
1188 904 1231 944 et
1263 902 1391 944 minis
1422 902 1614 945 Francos
1645 902 1766 945 iamt)
1795 890 2008 958 persaepe
2039 903 2150 946 occi·
2212 922 2216 925 ·

224 969 431 1015 deratq.¹⁵
497 973 575 1015 sed
613 987 688 1015 cur
725 973 834 1027 fugit
872 974 946 1028 qui
979 973 1173 1015 habebat
1203 975 1375 1016 tantam
1407 976 1581 1027 gentem
1613 975 1657 1016 et
1688 973 1813 1028 equis
1844 974 1979 1017 bene*
2008 975 2149 1017 muni-
2214 982 2216 987 ’

220 1046 340 1086 tam?
403 1043 611 1098 quoniam
643 1047 794 1086 contra
826 1044 965 1086 Deum
997 1045 1158 1086 bellare
1190 1044 1422 1095 nitebatur,
1456 1045 1578 1087 cuius
1609 1048 1842 1099 pompam⁸
1873 1045 2083 1088 Dominus
2120 1060 2146 1088 a
2208 1035 2216 1074 7

222 1114 371 1168 longet
413 1115 680 1169 prospiciens
727 1116 905 1158 omnino
947 1113 1182 1158 cassavit16
1226 1118 1269 1158 et
1312 1116 1527 1158 virtutem.
1603 1113 1673 1170 [5]
1711 1119 1784 1158 et¹¹
1829 1116 1962 1170 quiav
2011 1130 2148 1171 equos
2209 1136 2216 1140 ·

222 1187 447 1229 habebant
492 1187 631 1230 bonos
680 1189 722 1229 et
768 1187 951 1237 veloceS,
1000 1187 1136 1230 ideow
1182 1187 1477 1241 effugerunt¹;
1531 1187 1733 1230 lentiores
1786 1200 1890 1230 vero
1939 1187 2148 1230 Francisv

221 1260 538 1300 remanserunt.
600 1258 722 1300 multi
764 1258 1003 1313 siquidemz
1034 1272 1086 1300 ex
1118 1258 1179 1300 eis
1217 1261 1261 1301 et
1291 1259 1346 1301 de
1378 1259 1595 1313 peditibus
1628 1258 1857 1301 Saracenis
1889 1259 2148 1314 peremptiaa

345 1381 363 1401 a
381 1378 507 1409 timore
524 1376 673 1410 Domini
688 1377 728 1409 in
744 1374 867 1419 [super
886 1376 980 1419 βδμ]
1002 1386 1069 1420 eos,
1088 1387 1130 1410 ac
1147 1378 1182 1410 si
1198 1380 1341 1420 repente
1356 1387 1378 1410 A
1389 1386 1513 1411 emon
1524 1377 1572 1419 βδ
1585 1388 1619 1418 μ.
1645 1397 1691 1402 -
1707 1375 1729 1402 b
1748 1387 1871 1410 eor-um
1887 1376 2145 1418 ΑΒΡιοΒβδμ.

227 1442 269 1448 -
295 1429 312 1449 0
331 1426 485 1457 tentoria
510 1427 627 1457 autem
652 1424 912 1465 Aerionssbu.
940 1443 986 1448 -—
1015 1422 1036 1450 d
1057 1434 1129 1459 om.
1156 1426 1195 1457 in
1221 1426 1359 1468 campis
1383 1425 1598 1466 Anrxonssb
1611 1435 1645 1465 μ.
1673 1442 1716 1449 —
1741 1429 1760 1450 θ
1779 1426 2034 1468 repperierunt
2051 1424 2144 1466 βδμ.

222 1489 270 1495 -
297 1470 312 1496 f
327 1475 359 1504 et
384 1475 573 1514 arqentum
599 1480 652 1504 111.
678 1489 724 1495 -—
748 1477 769 1503 g
783 1474 925 1514 passim
950 1482 985 1506 Η.
1022 1491 1067 1497 —-
1102 1470 1125 1498 h
1144 1471 1316 1514 fugiendo
1340 1472 1393 1505 vel
1417 1472 1641 1506 dimittebant
1665 1472 1932 1515 ΑΒΠοῐιβδμυ
1966 1471 2147 1515 relinque·

220 1519 307 1554 bant
332 1529 422 1552 nus.
461 1538 506 1543 —
540 1516 553 1543 i
581 1522 613 1551 et
637 1520 760 1552 asinos
784 1520 964 1561 ΑΒΡβδμ.
1005 1537 1044 1542 -
1080 1517 1102 1544 k
1127 1519 1338 1562 yalerosque
1363 1520 1487 1561 Ηβδμ.
1524 1537 1567 1544 -
1603 1518 1614 1545 l
1643 1519 1790 1554 obtimos
1813 1529 1848 1554 R.
1883 1537 1926 1544 —
1957 1524 1991 1546 111
2017 1528 2089 1553 om.
2115 1523 2147 1553 et
2214 1522 2216 1533 ¹

221 1567 449 1608 Anrmssbn.
475 1584 518 1590 —
537 1572 559 1591 11
582 1566 810 1610 Gorbayauth
827 1577 858 1600 n.
882 1585 921 1590 —
941 1573 960 1593 0
981 1568 1053 1600 iam
1072 1568 1166 1609 onss.
1186 1587 1230 1592 —
1249 1573 1270 1599 1>
1292 1568 1366 1600 iam
1382 1565 1453 1601 alia
1470 1576 1584 1601 manu
1600 1577 1777 1612 suprascr.
1796 1577 1827 1601 P.
1855 1584 1900 1592 —
1916 1572 1938 1599 q
1956 1566 2147 1609 afflixerat

220 1625 249 1654 1;
274 1615 424 1657 francos
449 1618 523 1647 tam
549 1624 652 1657 saepe
679 1615 881 1647 occiderant
906 1625 933 1648 s.
963 1633 1006 1638 —
1032 1620 1048 1640 r
1068 1618 1139 1647 tam
1158 1614 1241 1647 bene
1258 1624 1291 1649 o.
1319 1633 1363 1638 —
1389 1621 1404 1640 ³
1426 1625 1599 1659 pompam
1622 1619 1654 1648 et
1675 1614 1869 1649 arbitrium
1886 1614 2100 1656 ΑΒῖιοΒβδ
2110 1624 2144 1655 μ.

222 1681 265 1686 -
293 1663 400 1696 tom.
427 1673 449 1694 a
476 1661 578 1704 lonye
602 1662 861 1703 Assrlonssbu.
889 1682 933 1687 —-
960 1667 980 1687 u
1000 1663 1061 1695 sed
1086 1672 1177 1696 nus.
1205 1680 1251 1686 —
1278 1667 1298 1687 V
1319 1663 1382 1705 qui
1406 1673 1437 1696 x.
1473 1681 1519 1686 —
1554 1668 1583 1687 W
1607 1661 1708 1696 deest
1732 1672 1823 1696 ΗΚΒ.
1862 1680 1904 1686 -
1938 1667 1961 1688 ¹
1980 1663 2143 1696 cassavit.
2196 1666 2198 1673 '

218 1720 283 1743 nec
308 1714 426 1742 tamen
451 1720 529 1742 eum
551 1711 718 1752 permisit
744 1712 783 1742 in
810 1720 940 1743 »nanus
970 1710 1197 1743 Francorum
1222 1709 1392 1748 incidere.
1418 1721 1530 1754 neque
1556 1709 1669 1752 [deest
1693 1720 1805 1754 neque
1829 1709 1864 1753 R]
1900 1709 2031 1744 milites
2060 1719 2145 1743 suos
2199 1740 2203 1746 ,

220 1756 298 1798 [suo
322 1756 370 1799 R],
405 1758 491 1800 quia
523 1757 648 1790 cotidie
677 1767 749 1790 non
775 1767 811 1790 se
835 1757 1032 1791 ule-lscitm·.
1083 1758 1127 1790 de
1151 1758 1309 1790 inimicis
1334 1759 1413 1790 eue’s
1436 1762 1467 1791 et
1492 1759 1662 1802 quom'am
1686 1768 1794 1801 equos
1818 1757 1992 1792 habebant
2015 1757 2146 1790 veloces

218 1805 422 1848 effuyerunt
447 1805 709 1846 Aerionssbu.
738 1823 779 1828 —
808 1810 827 1836 5
846 1806 982 1838 nostris
999 1805 1159 1838 Francis
1175 1805 1442 1847 Aemonssbu.
1472 1823 1512 1830 -
1538 1810 1556 1831 2
1575 1807 1609 1838 εἰ
1626 1807 1744 1849 quiin
1770 1805 1912 1849 quidem
1934 1805 2138 1847 ΑΒι-ἰοιϊβς

216 1856 336 1886 autem
363 1853 426 1894 δμ.
454 1871 499 1876 -
525 1857 563 1877 88
585 1852 721 1895 ylade'is
745 1852 952 1886 detruncati
975 1853 1244 1894 Aerionssbu.

217 2000 363 2044 autern,
392 2001 434 2035 ut
460 2009 547 2036 mos
575 2009 711 2036 eorum
740 2002 810 2042 est,
840 1996 1011 2047 undique
1040 2010 1082 2036 se
1101 1997 1319 2049 dispergere
1338 1998 1587 2049 coeperunt“.
1618 2020 1665 2025 -
1686 1999 1711 2037 8
1738 1996 1948 2037 immisso
1976 1997 2142 2038 timore

217 2055 436 2095 caelitus:
466 2056 547 2095 also
577 2056 714 2095 dachte
742 2057 826 2095 sich
855 2056 1020 2095 Fulcher
1049 2056 1109 2096 die
1137 2057 1310 2097 Ursache
1337 2058 1406 2096 der
1435 2058 1573 2096 Flucht
1601 2058 1668 2097 der
1696 2057 1868 2105 Tui-ken,
1902 2056 1964 2096 die
1990 2069 2032 2096 er
2059 2056 2143 2096 sich
2210 2098 2213 2106 ,

219 2114 326 2154 nicht
352 2115 494 2154 anders
522 2115 579 2154 als
608 2129 683 2154 von
704 2116 793 2155 Gott
822 2117 1006 2166 gesendet
1035 2116 1171 2165 (daher
1200 2116 1239 2155 in
1269 2117 1337 2156 der
1365 2122 1494 2156 ersten
1514 2115 1731 2156 Redaktion
1764 2116 1925 2164 ,timore
1943 2115 2141 2164 Domini“)
2207 2118 2213 2162 ξ

217 2175 395 2214 erklaren
425 2175 583 2214 konnte.
622 2196 667 2202 -
698 2178 722 2213 9
750 2175 905 2224 fugam
934 2175 1306 2215 immoderatam:
1336 2176 1422 2215 eine
1450 2176 1600 2222 Flucht,
1630 2175 1691 2215 bei
1719 2177 1787 2216 der
1815 2177 1877 2216 die
1904 2174 2142 2216 Fliehenden
2209 2171 2216 2228 ¹,

219 2233 259 2273 in
298 2234 454 2284 volliger
482 2234 727 2285 Unordnung
764 2235 844 2274 und
885 2234 946 2274 die
983 2234 1184 2274 einzelnen
1213 2235 1473 2286 Abteilungen
1502 2235 1542 2274 in
1570 2235 1796 2286 Auflosung
1823 2235 1907 2275 sich
1934 2235 2140 2275 befanden.
2188 2279 2190 2281 ,

217 2294 356 2333 Guizot
376 2295 445 2333 54:
479 2299 538 2340 „et
567 2299 654 2333 tous
682 2293 804 2333 fuient
832 2307 880 2333 en
909 2294 1130 2333 dem-dre&
1163 2317 1211 2322 —
1241 2297 1288 2333 10
1317 2294 1374 2333 Zu
1402 2294 1710 2334 retinuerunt
1737 2294 1846 2334 siehe
1862 2294 1932 2334 XII
1960 2308 1987 2334 n
2010 2295 2070 2334 14.
2092 2316 2140 2321 —-
2182 2289 2187 2339 J

217 2356 260 2392 11
280 2353 398 2392 Barth
419 2354 516 2392 315:
543 2384 558 2400 „
574 2353 819 2393 utensilia:
841 2352 1117 2404 supellectilem
1137 2354 1407 2402 domesticam3
1428 2354 1616 2405 expositio
1635 2355 1782 2394 vetus“.
1816 2377 1863 2383 —
1893 2356 1939 2393 12
1957 2354 2142 2405 galeros
2186 2354 2207 2389 ζ’

221 2412 439 2464 optimos:
474 2413 641 2460 „turcica
668 2412 836 2463 capitum
866 2418 1103 2463 tegumenta,
1133 2426 1231 2463 quae
1261 2425 1352 2463 prae
1381 2413 1517 2452 ceteris
1538 2413 1728 2462 nominat,
1757 2412 1848 2464 quia
1865 2426 2009 2464 magno
2028 2425 2143 2464 saepe

216 2472 428 2523 impendio,
453 2485 563 2511 more
582 2472 882 2523 superbissimae
900 2472 1039 2522 gentis,
1059 2473 1330 2519 constabant“,
1351 2472 1471 2512 Barth
1491 2474 1582 2513 315.
1630 2473 1716 2512 Da&
1735 2486 1776 2512 es
1796 2485 1971 2524 casques,
1989 2472 2142 2520 Helme,

220 2532 513 2571 Sturmhauben
539 2545 685 2580 waren,
714 2531 787 2571 wie
806 2530 943 2571 Guizot
962 2532 1014 2570 54
1044 2532 1247 2575 iibersetzt,
1276 2530 1325 2571 ist
1354 2532 1445 2571 sehr
1472 2531 1866 2579 unwahrscheinlich,
1893 2531 1935 2571 in
1954 2531 2142 2572 welchem

218 2592 323 2631 Falle
351 2592 516 2630 Fulcher
543 2590 670 2642 gewifi
698 2592 767 2630 das
797 2590 909 2630 Wort
937 2591 1045 2642 galea
1074 2590 1146 2630 wie
1174 2604 1206 2630 c.
1227 2591 1273 2638 X,
1304 2592 1327 2630 4
1356 2592 1568 2642 gebraucht
1595 2591 1725 2631 haben
1754 2592 1908 2631 wiirde:
1937 2604 1980 2630 es
2006 2603 2141 2631 waren

220 2651 406 2690 vielmehr
434 2651 520 2689 eine
547 2651 619 2690 Art
648 2651 814 2690 schoner
843 2650 1039 2689 Turbane.
1072 2671 1118 2677 —
1149 2653 1195 2689 13
1223 2642 1330 2689 liber
1359 2650 1419 2690 die
1448 2652 1619 2702 erlangte
1647 2651 1768 2690 Beute
1797 2651 1870 2702 vgl.
1898 2650 2000 2690 auch
2024 2650 2142 2691 Gesta

218 2710 353 2757 XXIX,
383 2711 407 2748 8
437 2710 525 2758 (HG
554 2711 649 2759 378)
678 2710 759 2749 und
787 2709 913 2749 Raim.
935 2710 1009 2748 261
1027 2711 1069 2749 F.
1111 2732 1158 2737 ——
1197 2712 1244 2748 14
1272 2712 1316 2758 ἐξ
1346 2711 1370 2749 4
1399 2724 1436 2750 u.
1467 2712 1511 2750 5:
1562 2712 1732 2750 Weshalb
1758 2711 1940 2762 Korboya
1969 2711 2140 2762 yeflohen
2175 2739 2182 2761 2

221 2771 303 2808 und
338 2783 418 2808 was
454 2771 584 2808 seinen
621 2770 780 2816 Leuten,
818 2771 933 2808 dere-r
970 2771 1033 2808 die
1059 2770 1246 2808 Franken
1283 2771 1443 2820 habhaft
1479 2772 1653 2821 wurden,
1689 2771 1953 2820 widerfahren
1985 2771 2049 2808 ist.
2089 2791 2138 2797 —
2171 2764 2190 2793 Μ

220 2831 267 2867 15
297 2829 353 2867 Zu
390 2841 618 2880 persaepe
654 2828 894 2868 occiderat
932 2828 1039 2868 siehe
1075 2829 1158 2876 XV,
1200 2829 1247 2867 12
1278 2842 1304 2868 n
1332 2831 1396 2868 39.
1443 2853 1490 2857 ——
1535 2833 1581 2868 16
1609 2828 1836 2869 cassavit:
1882 2841 1945 2877 „er
1981 2828 2050 2867 hat
2077 2827 2172 2880 ihr·

218 2887 423 2938 Geprange
459 2889 541 2926 und
577 2888 661 2927 ihre
697 2888 914 2939 Tapferkeit
950 2887 1130 2927 zunichte
1166 2889 1382 2938 gemacht“.
1446 2889 1554 2928 Nach
1594 2889 1734 2940 Papias
1767 2889 1836 2928 hat
1863 2900 2051 2928 cassare
2077 2887 2139 2927 die

220 2947 447 2997 Bedeutung
475 2961 550 2986 von
580 2961 777 2995 evacuare,
807 2948 968 2998 privare,
997 2952 1184 2995 castrare3
1212 2947 1297 2986 hier
1326 2948 1499 2987 offenbar
1518 2962 1548 2988 s.
1571 2962 1605 2988 v,
1625 2962 1659 2988 a.
1680 2948 1870 2999 frangere,
1889 2947 2138 2995 zerbrechen,
2176 2968 2191 2994 μ

221 3005 458 3045 vernichten.
506 3007 641 3046 Guizot
660 3008 729 3046 54:
764 3007 884 3054 „mais
910 3006 947 3046 le
975 3006 1166 3057 seigneur,
1195 3011 1335 3056 voyant
1355 3020 1397 3046 sa
1416 3020 1556 3058 pompe
1574 3007 1827 3058 orgueilleuse
1845 3011 1882 3046 et
1901 3018 1963 3046 ses
1982 3005 2138 3057 pmjets,
2187 3000 2191 3006 ’

220 3064 276 3102 les
314 3077 337 3102 a
372 3065 581 3114 pulverises
618 3066 910 3106 entierement“.
956 3087 1003 3093 —-
1047 3067 1130 3106 Den
1168 3067 1210 3105 in
1247 3067 1315 3105 der
1350 3072 1479 3106 ersten
1508 3066 1724 3106 Redaktion
1753 3066 1855 3106 noch
1882 3065 2154 3116 angeffihrten.

220 3122 369 3170 Grund,
407 3124 483 3162 dass
512 3124 602 3164 Gott
638 3125 867 3176 gleichwohl
906 3124 1013 3164 nicht
1050 3126 1199 3165 erlaubt
1236 3126 1350 3173 habe,
1388 3126 1464 3165 da&
1502 3126 1562 3165 die
1591 3126 1748 3165 Tiirken
1786 3125 1827 3164 in
1860 3125 1928 3164 der
1955 3123 2136 3163 Franken
2188 3123 2192 3161 ἲ

220 3182 361 3221 Hande
390 3182 514 3230 fielen,
552 3184 640 3223 weil
668 3198 709 3224 er
738 3185 844 3224 nicht
872 3185 1062 3236 alltaglich
1091 3199 1142 3224 an
1170 3184 1305 3224 seinen
1333 3185 1363 3223 F
1365 3184 1505 3224 einden
1533 3185 1666 3224 Rache
1694 3185 1847 3241 nehme,
1876 3184 1944 3223 hat
1971 3182 2137 3223 Pulcher

2180 2448 2195 2643 l
