2216 3438
219 158 287 194 262
393 159 420 193 F
423 159 559 194 ulcheri
585 159 817 194 Carnotensis
842 159 1002 195 Historia
1027 159 1366 205 Hierosolymitana.
1402 179 1440 185 -
1465 160 1543 196 Lib.
1563 161 1591 205 Ι,
1617 172 1695 206 cap.
1712 161 1836 204 XXIV,
1862 163 1967 198 5-7.

91 278 202 305 21098
226 265 473 309 Christiana
513 267 699 309 exaltata
743 270 804 309 est
847 267 923 310 hoc
966 267 1107 310 modo:
1149 272 1246 321 eqoa
1278 267 1572 319 Boamundus,
1605 270 1873 312 conventione
1900 270 2021 324 facta
2051 285 2146 314 cum

216 339 400 391 quodam
436 336 631 388 Tur-0011,
665 339 738 391 qui
769 338 909 391 ipsam
939 338 1045 381 mihi
1077 338 1261 380 tradidit
1292 339 1516 391 civitatem,
1547 340 1688 381 scalas
1711 353 1876 393 parum
1905 345 2006 384 ante
2034 344 2146 386 diem

217 407 365 451 murob
395 409 597 466 applicui,
630 412 667 451 et
697 409 781 451 sicc
813 410 1022 452 civitatem
1043 413 1170 452 antea
1197 408 1360 452 Christo
1383 408 1673 453 resistentemd
1693 411 1784 454 III
1784 416 1804 437 ⁰
1826 412 1978 456 Nonas
1997 414 2147 456 Iunii⁶

217 481 462 533 accepimuS,
493 485 533 523 ct
558 479 847 532 Cassianumf,
879 481 1019 535 ipsius
1050 482 1235 524 civitatis
1265 485 1513 535 tyrannum,
1547 495 1640 524 cum
1671 481 1816 526 multis
1835 497 2011 527 suorum
2031 485 2145 528 mili-

217 553 355 594 tibusg
397 551 686 604 interfecimus
697 551 744 604 1²,
787 566 1010 607 eorumque
1051 566 1206 595 uxores
1249 551 1319 595 eth
1359 553 1473 606 filios
1513 567 1564 596 ac
1604 553 1799 607 familias
1837 568 1931 598 cum
1969 570 2078 600 auro
2109 561 2147 600 et

216 627 390 678 aryento
421 628 460 666 et
490 623 684 667 omnibus
714 638 859 667 eorum
882 624 1223 678 possessionibus
1253 622 1568 667 retinuimus.¹⁸
1629 622 1700 680 [5]
1732 624 1917 680 asylum¹
1935 624 1973 650 ¹4
2008 631 2146 670 autem

217 693 562 738 Antioclienumk
605 710 634 738 a
681 696 836 738 Turcis
871 697 1198 749 praemunitum
1234 695 1389 738 habere
1419 708 1503 738 non
1538 696 1772 749 potuimus.
1844 697 1919 740 sed
1964 711 2059 741 cum
2099 700 2146 742 in

217 764 475 809 crastinuml
515 767 683 822 asylum
725 767 870 820 ipsum
908 769 1086 822 adgredi
1123 767 1452 819 voluissemusm,
1484 768 1703 820 infinitam
1739 768 1973 812 Turcorum
2002 770 2147 827 multi->

217 839 419 890 tudinem,
464 852 595 892 quam
639 837 785 881 multis
828 838 976 881 diebus
1019 840 1077 882 ad
1116 838 1437 881 debellandumn
1479 838 1696 882 nobiscum
1734 844 1984 884 venturam⁰
2024 845 2146 884 extra

217 910 430 952 civitatem
460 914 860 964 exspectaveramus,
890 923 971 963 per
1001 922 1168 963 campos
1198 922 1342 953 omnes
1362 910 1667 953 discurrentem
1691 911 1889 955 vidimus.
1941 913 2017 967 qui
2036 912 2128 956 III
2127 917 2148 942 ⁸

218 981 288 1024 die
330 995 407 1025 nos
445 981 694 1024 obsederunt
733 985 772 1023 et
805 981 1071 1035 praedictum
1108 981 1275 1036 asylum
1298 981 1400 1034 plus
1430 995 1560 1035 quam
1593 981 1630 1026 G
1657 995 1803 1025 eorum
1831 982 1982 1026 miliap
2010 983 2146 1026 intra·

217 1050 413 1095 verunt¹5
455 1066 505 1095 ac
541 1067 625 1106 per
660 1057 835 1106 portam
875 1053 1088 1095 eiusdemq
1131 1051 1240 1107 asyli
1282 1053 1341 1095 ad
1371 1053 1578 1095 civitatem
1611 1052 1689 1096 sub
1719 1053 1836 1108 asylo
1867 1054 2145 1106 constitutam,

218 1124 336 1167 nobis
365 1123 531 1178 illisque
563 1138 832 1173 communem,
865 1129 1108 1176 inrumpere
1139 1124 1392 1167 volueruntr.
1448 1122 1517 1179 [6]
1539 1138 1616 1167 nos
1647 1128 1789 1167 autem
1819 1125 1866 1167 in
1896 1126 1983 1168 alio
2013 1129 2150 1169 monte

218 1196 460 1238 exsistentes
502 1195 586 1248 ipsi
625 1195 741 1249 asylo
785 1195 982 1249 opposito,
1025 1196 1139 1237 viam
1179 1196 1290 1238 inter
1332 1199 1556 1249 utrumque
1587 1196 1815 1238 exercitum
1846 1197 1905 1239 ad
1935 1197 2146 1239 civitatem

218 1268 543 1318 descendentem,
585 1280 638 1309 ne
679 1269 765 1320 ipsi
806 1267 922 1309 nobis
962 1266 1110 1309 mulus
1135 1267 1284 1320 plures
1316 1270 1618 1320 inrumperent,
1652 1267 1930 1310 custodientes
1959 1271 2000 1311 et
2029 1268 2148 1311 intus

218 1342 258 1380 et
295 1342 417 1381 extra
457 1342 572 1381 nocte
603 1342 641 1381 et
672 1338 739 1381 die
771 1338 982 1389 bellantes,
1007 1342 1163 1391 portas
1192 1338 1306 1392 asyli
1337 1338 1396 1380 ad
1427 1338 1636 1381 civitatem
1666 1338 1955 1383 descendentes
1984 1339 2149 1382 intrare

219 1413 257 1452 et
287 1409 346 1452 ad
376 1410 541 1452 castrat
573 1409 850 1463 compulimus
881 1407 1124 1455 remeare.16
1186 1407 1255 1465 [7]
1288 1422 1383 1452 cum
1414 1423 1509 1464 erqo
1541 1408 1803 1461 vidissent¹⁷,
1843 1410 1955 1464 quod
1990 1424 2041 1454 ex
2071 1410 2149 1453 illa

212 1485 341 1534 parte
386 1481 524 1523 nihilu
569 1494 716 1523 nocere
753 1481 1002 1533 potuissent,
1047 1482 1111 1523 ita
1148 1494 1225 1524 nos
1256 1495 1308 1523 ex
1338 1483 1451 1523 omni
1476 1485 1605 1534 parte
1635 1482 1976 1531 circumiverunt,
2007 1482 2147 1536 quodv

219 1552 330 1595 nulli
359 1567 410 1595 ex
440 1553 599 1595 nostris
629 1553 784 1594 exirew
815 1553 879 1595 vel
910 1554 966 1595 ad
997 1566 1073 1595 nos
1104 1553 1247 1595 venire
1270 1557 1545 1606 potueruntx.
1608 1567 1695 1607 qua
1724 1553 1775 1596 de
1805 1565 1852 1595 re
1881 1552 1942 1596 ita
1973 1552 2150 1596 desolati

218 1627 256 1666 et
300 1623 460 1676 adflicti
499 1637 640 1667 omncs
678 1621 906 1676 fuimusffi,
947 1624 1059 1678 quod
1097 1624 1212 1678 fame
1246 1628 1283 1666 et
1323 1624 1467 1667 multis
1505 1624 1637 1667 aliisy
1668 1624 1881 1679 anqustiis
1910 1624 2144 1676 morientes,

338 1760 357 1779 a
376 1754 478 1788 bellis
503 1764 694 1798 eorumque
717 1758 840 1788 eventu
869 1754 1081 1788 Christiana
1106 1754 1175 1796 fide
1200 1754 1370 1797 exaltata,
1396 1764 1458 1798 eqo
1483 1764 1527 1788 w.
1559 1772 1608 1778 -—
1638 1753 1659 1780 b
1678 1754 1773 1788 diem
1797 1764 1878 1789 cum
1901 1755 2026 1789 multis
2050 1755 2145 1789 mili-

218 1802 378 1835 tantibus
399 1812 504 1836 muro
529 1812 572 1836 w.
599 1822 644 1827 —
669 1807 686 1828 0
706 1811 778 1836 om.
805 1804 855 1835 sic
881 1812 915 1836 R.
944 1821 982 1826 —
1011 1800 1032 1827 d
1051 1803 1235 1836 resistente
1260 1812 1293 1835 n.
1322 1819 1367 1826 ——
1393 1807 1410 1827 e
1430 1801 1516 1835 iulii
1539 1801 1817 1845 ΑΒσοειβδμρς
1843 1803 1884 1836 in
1908 1812 2025 1836 nonas
2047 1801 2149 1837 Julia·

220 1848 265 1891 μ’.
294 1869 338 1874 -
365 1848 380 1875 s
393 1852 605 1892 qratianum
631 1850 841 1892 εσοῐιβδμ.
867 1868 911 1873 -
938 1854 958 1881 8
977 1849 1122 1883 milibus
1147 1859 1207 1882 AB.
1238 1868 1277 1874 -
1306 1847 1328 1875 h
1348 1858 1420 1883 om.
1447 1853 1479 1882 et
1503 1849 1568 1891 δμ.
1598 1868 1636 1874 -
1665 1848 1791 1884 iinter
1815 1848 1930 1884 lineas
1953 1849 2086 1892 legitur
2108 1848 2147 1884 in

220 1907 257 1930 A:
275 1897 328 1930 vel
344 1898 470 1931 domus
487 1897 640 1942 refuqii;
659 1897 695 1931 in
714 1907 761 1931 ro
773 1907 795 1931 R
808 1898 827 1939 β
839 1898 859 1931 δ
873 1907 896 1939 μ
911 1896 970 1931 hic
987 1900 1022 1931 et
1039 1896 1133 1931 infra
1151 1900 1321 1931 castrum.
1350 1916 1389 1921 —
1419 1895 1441 1923 k
1461 1896 1744 1931 Antiochianum
1761 1897 1813 1940 βδ
1826 1907 1862 1938 μ.
1890 1916 1929 1923 -
1957 1895 1970 1923 1
1989 1898 2148 1931 crastino

220 1954 263 1978 w.
293 1962 333 1969 —
361 1951 393 1971 ¹1¹
419 1945 597 1979 voluimus
621 1955 655 1979 R.
686 1964 725 1970 —
754 1950 775 1970 1¹
795 1945 1001 1978 bellandum
1027 1955 1060 1979 o.
1087 1964 1133 1969 —
1157 1950 1177 1970 0
1196 1948 1349 1978 ventura
1375 1954 1408 1978 n.
1447 1963 1487 1969 -
1524 1950 1546 1977 Ρ
1565 1944 1697 1978 milites
1720 1945 1901 1987 sztnu
1927 1954 1999 1979 om.
2026 1954 2148 1979 eorum

220 2002 253 2026 R.
281 2012 326 2017 -
351 1997 372 2024 q
391 1993 509 2035 ipsius
535 1993 696 2035 Gnssbu.
727 2010 767 2016 -
806 1998 822 2017 r
841 1992 1031 2026 voluerant
1056 1992 1154 2034 βδμ.
1186 2010 1232 2015 -
1259 1997 1273 2017 s
1294 1991 1423 2026 'inultos
1449 2002 1482 2026 a.
1510 2011 1555 2017 —
1581 1992 1759 2026 teas-tella
1785 2001 1828 2033 o;
1853 1996 2012 2027 castrum
2037 2002 2072 2026 R.
2101 2012 2147 2019 —-

220 2045 242 2065 11
260 2040 358 2073 nihii
381 2039 482 2073 nobis
507 2050 550 2074 w.
586 2060 631 2065 —
666 2046 687 2066 V
707 2043 746 2074 ut
772 2050 814 2073 w.
851 2060 896 2066 -
932 2045 960 2065 W
986 2041 1041 2073 ire
1065 2040 1371 2080 anooawssbu.
1408 2059 1452 2065 —
1487 2044 1508 2065 x
1526 2041 1710 2084 potuer-{nt
1733 2049 1777 2074 w.
1816 2058 1859 2066 —
1894 2045 1915 2072 5
1939 2039 2041 2074 deest
2065 2039 2098 2074 δ.

221 2181 452 2221 Antiochien
481 2196 544 2221 am
572 2184 609 2220 3.
629 2182 730 2220 Juni
757 2183 917 2220 erobert.
952 2202 995 2208 -
1026 2184 1068 2219 11
1097 2193 1196 2220 cum
1228 2181 1425 2231 quodam
1455 2181 1624 2220 Turno:
1654 2180 1760 2220 siehe
1787 2193 1836 2220 zu
1863 2193 1895 2220 c.
1923 2181 2026 2220 XVII
2053 2195 2081 2220 ιι
2109 2183 2147 2222 9.

223 2263 272 2270 -
292 2244 337 2280 12
357 2241 635 2281 Cassianum
655 2240 1002 2280 interfecimus:
1033 2239 1125 2291 Yagi
1147 2239 1268 2291 Siysn
1288 2241 1423 2279 wurde
1443 2239 1549 2279 nicht
1569 2253 1644 2280 von
1664 2241 1740 2280 den
1762 2240 1954 2288 Frmken,
1976 2241 2147 2280 sondern
2215 2247 2216 2254 ¹

222 2313 298 2340 von
327 2301 560 2340 Armeniern
590 2301 801 2348 ermordet;
832 2300 938 2339 siehe
967 2313 1014 2339 zu
1043 2313 1075 2339 c.
1095 2299 1210 2347 XVII,
1241 2300 1265 2338 8
1295 2313 1321 2338 n
1350 2300 1414 2339 21.
1457 2322 1503 2328 ——
1542 2303 1589 2339 13
1617 2312 1778 2340 eorum
1813 2299 2147 2351 possessiones

222 2360 525 2408 retinuimus,
553 2361 662 2399 siehe
690 2373 737 2399 zu
766 2373 798 2399 c.
819 2359 921 2398 XVII
951 2373 977 2398 n
1006 2360 1070 2398 20.
1102 2380 1150 2386 —
1181 2360 1227 2397 14
1255 2360 1300 2406 §g
1330 2361 1355 2398 5
1385 2372 1421 2398 u.
1451 2360 1495 2398 6:
1532 2360 1668 2399 Durch
1696 2360 1759 2398 die
1785 2371 1857 2398 von
1884 2359 1960 2399 den
1992 2360 2148 2398 Tu'rken

220 2422 378 2459 besetzte
405 2420 713 2470 Antiochiaburq
750 2421 916 2470 drinqen
955 2420 1120 2457 100000
1148 2419 1274 2456 Manu
1302 2431 1374 2457 aus
1401 2419 1604 2469 Korboqas
1633 2419 1738 2458 Heer
1764 2420 1808 2458 in
1835 2419 1900 2458 die
1927 2419 2044 2458 Stadt
2071 2421 2148 2468 ein,

221 2481 284 2518 die
310 2481 451 2530 jedoch
489 2493 559 2519 von
596 2480 671 2518 den
697 2479 884 2517 Franken
920 2478 1254 2529 zuriickyetrieben
1293 2479 1459 2517 werden.
1517 2478 1574 2517 Zu
1602 2478 1781 2528 asylum
1818 2477 1894 2529 vgl.
1925 2490 1959 2518 c·
1976 2477 2091 2525 XVII,
2121 2478 2147 2517 6

224 2553 249 2578 n
282 2540 343 2578 19.
383 2561 430 2566 —-
471 2541 517 2577 15
546 2539 650 2589 plus
679 2551 815 2588 quam
844 2537 873 2577 C
902 2550 1062 2577 eorum
1092 2536 1220 2575 milia
1249 2536 1568 2577 intraverunt:
1607 2537 1694 2576 Wir
1720 2537 1852 2577 haben
1879 2536 1986 2577 diese
2011 2537 2148 2576 Lesart

223 2598 480 2646 beihehahm,
520 2598 676 2636 obwohl
714 2597 775 2636 die
812 2596 933 2636 damit
961 2597 1210 2647 angegebene
1239 2595 1336 2635 Zahl
1365 2597 1488 2636 sehon
1519 2597 1683 2636 Fulcher
1711 2609 1759 2636 zu
1786 2597 1890 2636 hoch
1918 2595 2148 2636 erschienen

222 2658 285 2706 ist,
313 2659 380 2697 der
409 2657 469 2697 die
489 2657 585 2696 zahl
613 2658 681 2696 der
709 2657 831 2696 durch
862 2657 930 2696 das
950 2655 1093 2695 Kastell
1122 2654 1163 2694 in
1191 2654 1252 2694 die
1273 2655 1383 2694 Stadt
1411 2655 1719 2707 eindringenden
1739 2655 1897 2695 Tiirken
1925 2655 1995 2696 auf
2009 2656 2149 2695 60000

224 2716 413 2756 reduziert
446 2718 525 2764 hat,
565 2716 672 2756 siehe
699 2729 733 2756 c.
752 2715 851 2763 XIX,
880 2717 905 2755 4
934 2729 960 2754 n
993 2716 1054 2754 12.
1110 2715 1218 2754 Doch
1248 2714 1399 2754 scheint
1428 2729 1502 2755 uns
1531 2717 1632 2755 auch
1661 2715 1723 2755 die
1750 2715 1886 2755 Lesart
1915 2715 1946 2755 C
1969 2715 2147 2755 milites

223 2777 291 2816 des
319 2776 414 2816 Cod.
434 2777 475 2823 Z,
505 2777 566 2815 die
594 2775 665 2815 wir
693 2777 733 2815 in
762 2775 858 2826 HEp
890 2776 964 2814 162
995 2774 1236 2814 beibehalten
1267 2774 1409 2822 haben,
1440 2775 1546 2814 nicht
1575 2775 1725 2826 richtig‚
1755 2775 1838 2814 und
1864 2774 1936 2814 wir
1963 2773 2148 2814 stimmen

223 2835 365 2886 Kugler
394 2835 468 2884 bei,
497 2836 565 2874 der
593 2836 654 2874 die
681 2835 880 2886 Nennung
908 2835 976 2874 der
1004 2847 1048 2873 so
1075 2834 1207 2873 hohen
1236 2833 1333 2872 Zahl
1367 2834 1423 2873 als
1452 2834 1538 2874 eine
1565 2834 1805 2885 allgemeine,
1834 2834 1926 2874 aber
1954 2833 2146 2873 nati'irlich

224 2894 296 2934 viel
325 2908 372 2934 zu
399 2896 502 2935 hoch
531 2894 746 2946 gegriffene
765 2893 1017 2944 iibermiifiige
1046 2892 1268 2943 Schtitzung
1296 2893 1364 2931 der
1393 2894 1536 2933 durchs
1565 2893 1708 2933 Kastell
1744 2892 1785 2932 in
1813 2893 1874 2932 die
1902 2893 2013 2933 Stadt
2047 2893 2146 2932 bzw.

224 2954 263 2992 in
299 2955 374 2993 den
412 2954 576 2993 inneren
606 2953 955 3004 Festungsbereich
991 2953 1060 2992 der
1097 2952 1297 2992 sudlichen
1329 2952 1440 2992 Stadt
1478 2953 1819 3003 eingedrungenen
1847 2952 2148 3002 Tiirkenmenge

226 3014 448 3063 angesehen
477 3013 619 3052 wissen
649 3012 738 3052 will.
770 3034 817 3040 -
849 3015 896 3051 16
923 3013 977 3052 ad
1006 3017 1160 3051 castra
1190 3012 1502 3062 compulimus
1531 3025 1759 3051 remeare:
1796 3011 1904 3051 siehe
1931 3024 1979 3051 zu
2006 3024 2040 3051 c.
2059 3011 2148 3050 XIX

226 3085 251 3110 n
286 3073 344 3110 13.
381 3093 423 3099 —
453 3075 495 3111 17
523 3074 567 3119 §3
600 3073 620 3110 7
652 3085 689 3111 u.
719 3073 762 3112 8:
801 3073 878 3111 Die
906 3072 1020 3111 Stadt
1048 3073 1150 3111 wird
1178 3073 1222 3110 in
1250 3072 1373 3110 ihrem
1398 3085 1547 3122 yanzen
1584 3072 1759 3111 Umlcreis
1786 3084 1857 3110 von
1884 3072 1958 3110 den
1993 3071 2148 3110 mrken

226 3132 535 3182 einqeschlossen,
563 3133 744 3171 wodurcli
771 3133 835 3170 die
862 3133 1090 3180 Belaqerten
1118 3133 1161 3169 in
1186 3132 1307 3180 qrosse
1335 3132 1413 3170 Not
1441 3133 1626 3180 kommen,
1646 3131 1786 3180 jedoch
1813 3131 1936 3170 durch
1954 3131 2027 3170 ,die
2044 3130 2148 3179 Auf-

224 3191 385 3240 findunq
413 3192 484 3228 der
511 3192 672 3241 heiliqen
703 3192 835 3230 Lanze
863 3192 1004 3230 wieder
1032 3191 1285 3242 aufqerichtet
1315 3192 1395 3229 und
1422 3192 1587 3241 mutiyer
1613 3191 1778 3229 werden.
1792 3211 1866 3248 ὑ,-
1894 3192 1940 3228 18
1966 3187 2147 3229 adflicti
