2216 3438
605 156 666 194 ΙΙΙ.
693 156 758 194 Die
782 156 948 194 Berichte
972 157 1062 194 fiber
1085 158 1150 193 das
1175 168 1277 192 sacer
1300 155 1404 202 ignis.
1724 179 1735 188 .
1906 153 1968 190 83¹

51 266 315 306 Antiochenses
342 267 528 318 princeps
562 279 647 306 cum
682 267 766 306 auis
798 279 824 305 a
862 267 1000 306 furcis
1033 267 1178 306 occisus
1210 267 1262 305 sit
1295 278 1370 317 pro
1407 266 1533 314 culpis
1578 270 1613 303 et
1640 264 1808 316 qualiter
1835 277 1861 302 a
1887 277 1976 315 reye

10 354 12 359 ,
50 327 275 366 Baldaoino
301 330 337 365 et
363 327 446 366 suis
471 317 689 367 vin'dicatua
715 328 778 366 sit.
807 348 862 355 —
888 327 984 365 Item
1011 328 1059 365 de
1084 327 1324 377 disperstone
1364 326 1579 364 Tur-corum
1606 329 1641 362 et
1668 325 1717 362 de
1742 324 1846 363 obitu
1876 324 1975 363 beati

3 391 5 393 '
33 386 228 430 ,Gerardi
259 385 521 436 hospitalarii.
564 407 610 412 —
654 386 880 437 Expliciunt
913 387 1098 436 capitula.
1153 386 1299 436 Incipit
1329 386 1513 436 preloque
1541 384 1731 423 Pulcheri
1755 384 1975 435 presbyteri

2 460 6 492 2
50 446 99 485 de
123 446 300 497 captione
326 445 548 484 Ierusalem.

978 584 1047 626 III.

115 661 196 702 nie
226 663 459 713 angeblich
487 674 574 704 von
603 661 789 703 Fulcher
818 662 1100 713 abhangigen
1130 662 1337 703 Berichte
1367 663 1476 703 uber
1506 662 1585 703 das
1617 674 1744 702 sacer
1782 662 1916 713 ignis.

348 730 437 776 (ng.
462 730 554 766 Einl.
578 730 614 766 S.
633 730 689 765 72.
717 730 773 767 73.
799 726 855 765 74.
883 730 928 765 78
953 730 1028 765 und
1053 730 1306 766 vornehmlich
1330 730 1381 773 11,
1408 730 1490 766 VIII
1515 741 1540 765 n
1569 730 1600 767 1.
1626 730 1676 773 5.)

186 804 223 846 1.
254 803 354 847 Der
383 803 975 847 Feuerwunderbericht
1006 816 1123 845 vom
1154 802 1432 847 Verfasser
1462 803 1556 846 des
1588 802 1761 846 Codex
1792 803 1838 846 L.

172 878 304 919 Dieser
331 878 539 919 Abschnitt
572 879 668 919 iiber
705 880 775 919 das
815 892 896 931 sog.
926 880 1214 919 Feuerwunder
1252 892 1302 919 an
1338 879 1481 919 Ostern
1513 880 1611 919 1101
1655 879 1775 919 findet
1813 880 1895 919 sich
1935 880 1973 920 in

53 937 211 987 God.·L,
247 938 344 979 iiber
379 939 455 980 den
492 939 533 978 in
561 938 660 979 Einl.
690 939 730 980 S.
752 940 802 979 75
819 939 856 979 ff.
891 939 973 979 und
1005 939 1047 979 in
1074 942 1124 988 11,
1153 939 1236 979 VIII
1265 952 1292 978 n
1322 941 1347 978 5
1375 938 1550 978 N‘aheres
1579 939 1779 991 mitgeteilt
1807 939 1868 979 ist.
1925 940 1976 979 Er

55 997 106 1038 ist
131 998 316 1050 gedruckt
343 998 382 1038 in
412 999 480 1038 der
508 1003 636 1039 ersten
664 997 785 1050 Ausg.
814 999 882 1038 der
910 997 1084 1038 Historia
1111 998 1158 1038 de
1186 997 1323 1038 itinere
1351 1002 1487 1038 contra
1506 998 1656 1038 Turcos
1684 999 1753 1038 des
1782 999 1975 1039 Robertus

53 1070 174 1106 mon„
201 1058 265 1099 fol.
288 1057 552 1098 loth—108⁸.
607 1057 691 1098 Aus
719 1057 845 1098 dieser
872 1058 1172 1110 Druckausgabe
1199 1058 1268 1098 hat
1296 1057 1362 1097 ihn
1394 1057 1569 1109 Bongars
1598 1058 1638 1097 in
1666 1058 1784 1099 Gesta
1811 1058 1880 1098 Dei
1908 1072 1977 1110 per

54 1118 225 1158 Francos
239 1118 267 1166 1,
289 1119 501 1158 407—409
528 1118 569 1158 in
598 1118 732 1158 seinen
753 1118 999 1158 Fulchertext
1027 1118 1342 1169 ausgenommen.
1391 1116 1463 1156 Ein
1483 1117 1668 1157 Abdruck
1697 1119 1765 1157 des
1784 1118 1977 1168 Bongars-

54 1177 176 1218 schen
203 1177 345 1218 Textes
386 1177 456 1217 mit
497 1179 573 1218 den
602 1177 812 1218 Varianten
855 1178 923 1218 des
957 1177 1147 1217 L-Textes
1185 1177 1306 1217 findet
1343 1176 1425 1216 sich
1464 1176 1504 1215 in
1542 1177 1610 1216 der
1639 1177 1978 1229 Fulcherausgabe

55 1236 223 1285 Recueil,
258 1236 358 1277 Hist.
387 1249 466 1277 occ.
496 1238 557 1286 ΙΙΙ,
585 1238 811 1277 385—387.
867 1236 954 1276 Wir
989 1237 1114 1288 geben
1153 1235 1239 1276 hier
1277 1237 1378 1277 nach
1416 1235 1542 1276 dieser
1570 1236 1862 1287 Rec.-Ausgabe
1902 1238 1978 1276 den

0 1329 1 1346 ,
54 1296 201 1336 L-Text
239 1295 309 1337 mit
349 1297 424 1336 den
466 1296 708 1348 beigefugten
748 1296 958 1336 Varianten
1007 1297 1076 1336 der
1113 1296 1480 1347 Robertusausgabe
1515 1296 1598 1346 (T),
1636 1296 1860 1349 derjenigen
1899 1310 1974 1336 von

56 1355 230 1408 Bongars
257 1363 304 1406 (β)
332 1357 413 1396 und
441 1357 509 1396 des
538 1356 693 1396 Recueil
721 1363 781 1406 (ρ).
837 1356 894 1395 Im
923 1355 1085 1407 iibrigen
1115 1355 1299 1396 verweise
1326 1355 1386 1395 ich
1418 1356 1487 1396 auf
1510 1359 1559 1404 11,
1589 1356 1671 1395 VIII
1700 1370 1726 1395 n
1755 1358 1793 1396 5.

175 1416 425 1456 Consuetudo
451 1421 510 1455 est
537 1421 667 1455 autem
696 1420 852 1467 propter
879 1414 1009 1466 ignem
1038 1416 1253 1464 caelestem,
1291 1415 1356 1466 qui
1390 1416 1439 1455 ad
1468 1415 1700 1467 Sepulcrum
1734 1416 1974 1456 dominicum

7 1522 9 1526 Α
55 1487 135 1515 uno
163 1488 316 1527 quoque
343 1488 448 1515 anno
476 1474 738 1515 descensibilis
767 1474 924 1515 caelitus
953 1480 1052 1515 nutu
1081 1475 1211 1515 divino
1239 1475 1278 1514 in
1307 1475 1550 1526 lampadibus
1579 1475 1619 1515 in
1643 1475 1770 1527 vigilia
1798 1476 1974 1516 Paschae

55 1535 153 1574 solet
178 1534 349 1583 accendi,
378 1540 420 1575 ut
447 1535 669 1586 quicunque
695 1533 797 1574 intra
825 1534 1106 1574 monasterium
1135 1534 1228 1574 illud
1256 1533 1547 1574 sanctissimum
1576 1535 1704 1574 inesse
1724 1535 1885 1586 possint,
1915 1536 1976 1576 die

7 1603 9 1606 ⁴
56 1593 120 1634 illo
147 1599 228 1634 toto
254 1594 375 1646 ipsius
404 1593 562 1646 vigiliae,
591 1594 859 1646 supplicationi
878 1599 915 1634 et
934 1594 1099 1634 orationi
1118 1599 1310 1642 vacantes,
1338 1594 1471 1634 lumen
1491 1594 1582 1634 illud
1603 1608 1626 1634 a
1644 1595 1725 1634 Deo
1743 1595 1975 1635 mittendum

7 1682 9 1694 2
57 1653 183 1694 devoti
218 1653 345 1694 cuncti
383 1659 625 1706 exspectent3
667 1659 703 1693 et
741 1667 830 1693 cum
868 1653 929 1693 die
965 1653 1030 1694 illo
1067 1653 1224 1693 basilica
1261 1653 1324 1693 illa
1361 1653 1605 1694 sanctissima
1632 1655 1680 1694 de
1717 1659 1826 1694 tanta
1862 1661 1975 1706 gente

8 1721 9 1728 ¹
58 1712 282 1765 plenissima
308 1713 519 1762 exsisteret,
547 1713 687 1754 horam
714 1713 864 1760 circiter
890 1713 1042 1753 tertiam
1069 1713 1219 1752 iussum
1248 1718 1306 1753 est
1325 1726 1348 1753 a
1368 1713 1584 1764 patriarcha
1603 1713 1770 1753 officium
1791 1714 1975 1754 diurnum

57 1785 82 1813 a
108 1772 305 1813 canonicis
332 1773 466 1825 incipi3
495 1774 598 1825 quod
623 1772 808 1813 lectiones
836 1773 1025 1824 legendo*
1052 1772 1291 1813 alternatim:
1320 1773 1425 1824 prius
1445 1773 1607 1813 Latinus
1626 1773 1755 1821 latine,
1785 1774 1976 1825 posterius

58 1844 150 1872 vero
177 1832 347 1873 Graecus
384 1845 520 1884 graece
556 1832 767 1881 itentidem,
803 1833 906 1884 quod
944 1832 1104 1872 Latinus
1141 1832 1296 1883 legerat,
1334 1832 1373 1871 in
1412 1832 1558 1884 pulpito
1596 1833 1740 1884 relegit.
1807 1833 1974 1873 officium

59 1891 201 1944 quippe
235 1892 291 1932 sic
327 1893 382 1932 eis
418 1892 662 1944 explentibus
696 1897 786 1932 ante
825 1893 964 1932 horam
1002 1892 1195 1943 paulisper
1233 1905 1379 1932 nonam
1409 1892 1533 1943 coepit
1561 1905 1664 1932 unus
1693 1892 1741 1931 de
1770 1892 1926 1932 Graecis
1954 1907 1976 1932 a

58 1956 167 2003 parte
193 1964 275 1991 una
301 1951 526 1992 monasterii
554 1965 625 2004 pro
653 1965 762 1992 more
790 1951 916 2004 prisco
945 1965 1037 1991 voce
1056 1951 1221 1991 altisona
1239 1952 1485 2002 Kyrieleison
1500 1952 1734 2000 exclamare;
1765 1952 1827 1991 cui
1847 1953 1977 1992 statim

59 2010 189 2051 cuncti
215 2011 281 2062 qui
307 2013 469 2052 aderant
497 2012 613 2052 modo
641 2011 756 2052 simili
775 2012 943 2051 eundem
963 2016 1121 2051 cantum
1141 2012 1437 2063 responderunt.
1479 2025 1549 2063 ego
1570 2017 1700 2051 autem
1720 2010 1975 2059 Foleherusb,

60 2069 126 2122 qui
154 2083 357 2122 nunquam
385 2071 605 2111 huiusmodi
634 2070 907 2123 symphoniam
934 2071 1144 2119 audieram,
1174 2071 1362 2122 multique
1381 2071 1456 2119 alii,
1485 2070 1666 2111 tumultui
1686 2071 1776 2111 huic
1795 2071 1976 2111 laudifluo

59 2129 248 2179 moderni,
286 2130 408 2170 oculis
444 2143 600 2170 sursum
637 2128 786 2179 erectis,
824 2129 1004 2170 cordibus
1040 2130 1261 2182 compuncti
1295 2131 1343 2170 de
1379 2135 1479 2171 terra
1509 2131 1749 2170 surreximus
1778 2136 1814 2170 et
1841 2130 1975 2170 lumen

60 2188 208 2229 almum
243 2189 411 2230 alicubiss
447 2190 491 2230 in
524 2189 684 2230 ecclesia
710 2189 786 2230 iam
815 2190 972 2230 accendi
1001 2190 1254 2242 speravimus.
1310 2190 1378 2230 sed
1406 2203 1495 2230 cum
1524 2203 1680 2230 sursum
1708 2203 1753 2230 ac
1781 2191 1977 2239 deorsum,

61 2247 136 2288 hac
161 2253 200 2288 et
226 2247 324 2297 illac,
351 2248 596 2289 humillimo(¹
626 2251 740 2290 corde
768 2249 1019 2298 intueremur,
1049 2249 1140 2300 quia
1167 2250 1344 2289 nondum
1373 2250 1531 2298 venerit,
1561 2249 1599 2289 id
1629 2249 1794 2289 vidimus
1823 2262 1977 2300 exspec-

62 2311 188 2348 tantoe
215 2313 394 2349 sanctum
421 2309 563 2360 ignem.
619 2315 736 2349 cum⁰
763 2314 906 2358 autem,
936 2309 1016 2349 vice
1044 2309 1146 2349 trina
1173 2309 1320 2349 Graeco
1349 2309 1544 2360 praedicto
1572 2311 1817 2359 Kyrieleison
1846 2309 1977 2349 incho-

61 2371 164 2416 ante,
191 2366 308 2408 ceteri
335 2381 472 2408 omnes
497 2369 599 2409 idem
628 2368 855 2421 repetitumf
880 2369 1132 2409 exclamando
1160 2368 1464 2420 respondissent,
1493 2369 1700 2417 siluerunt;
1728 2374 1765 2408 et
1793 2369 1977 2408 continuo

62 2425 238 2467 canonici
274 2427 443 2468 officium
478 2441 593 2468 suum
621 2428 698 2468 iam
726 2428 923 2480 inceptum
952 2429 1264 2468 decantaverunt.
1321 2428 1476 2468 interim
1505 2428 1630 2468 devoti
1659 2429 1978 2479 exspectabamus

61 2485 193 2538 ignem
225 2492 416 2535 sanctum,
446 2487 511 2539 qui
538 2488 676 2528 horam
705 2488 880 2528 circiterss
908 2501 1054 2528 nonam
1091 2487 1272 2528 advenire
1310 2487 1386 2528 ritu
1414 2488 1573 2528 solebat.
1631 2501 1702 2527 nec
1730 2488 1851 2527 multo
1880 2493 1978 2539 post,

55 2545 162 2586 sicut
189 2545 366 2609 pgimitus
394 2548 641 2597 Kffleleison
669 2548 915 2588 decantatum
943 2548 1079 2596 suerat,
1109 2549 1164 2587 sic
1192 2547 1273 2587 vice
1297 2548 1467 2592 secunda
1486 2547 1690 2599 repetitum
1710 2547 1799 2594 suit3
1830 2541 1980 2597 nosque

64 2616 163 2645 sono
198 2609 307 2645 tanto
343 2606 534 2654 concitati,
570 2607 676 2646 illam
714 2620 866 2658 precem
903 2606 1141 2654 laudifluam,
1181 2607 1483 2658 praeconi‘eam
1518 2606 1716 2647 inchoanti
1745 2619 1837 2646 voce
1865 2607 1978 2654 celsa,

65 2676 203 2704 omnes
229 2665 513 2716 respondimus.
561 2671 598 2706 et
625 2678 713 2706 cum
742 2666 872 2717 ignem
902 2672 1074 2718 optatum
1103 2666 1275 2718 plerique
1303 2672 1395 2706 tunc
1424 2666 1575 2706 venisse
1603 2679 1860 2718 speraremus,
1890 2679 1979 2705 cum

65 2735 145 2763 non
164 2723 344 2772 venisset,
373 2725 523 2765 silentio
543 2725 818 2776 requievimus3
847 2725 973 2766 clerici
992 2731 1122 2766 autem
1140 2726 1323 2766 lectiones
1343 2731 1380 2766 et
1399 2731 1544 2766 tractus
1563 2726 1724 2765 diurnos
1743 2726 1978 2765 cecinerunt.

65 2794 154 2822 cum
190 2795 280 2822 vero
316 2783 413 2823 hora
450 2798 555 2824 nona
594 2785 670 2824 iam
709 2785 921 2833 transisset,
960 2785 1040 2825 vice
1068 2785 1170 2825 trina
1198 2798 1289 2825 voce
1318 2785 1474 2824 sublimi
1503 2786 1747 2835 Kyrieleison
1775 2784 1979 2836 repetitum

66 2846 136 2897 est.
205 2847 298 2882 tunc
345 2843 561 2894 patriarcha
611 2850 754 2892 noster,
810 2844 974 2896 sumptis
1025 2845 1231 2892 claviculis,
1281 2845 1461 2884 reseravit
1509 2844 1749 2885 hostiolumh
1798 2843 1978 2883 dominici

67 2899 254 2952 Sepulcri,
292 2906 330 2941 et
366 2902 623 2954 introgressus
661 2902 820 2951 autem¹‚
860 2916 950 2943 cum
986 2904 1132 2952 lumen,
1171 2905 1273 2955 quod
1301 2904 1629 2951 desiderabamus,
1671 2916 1749 2943 non
1778 2902 1979 2950 inveniret,

67 2972 159 2999 mox
195 2964 285 3000 ante
312 2961 440 3012 ipsum
469 2968 760 3002 sacrosanctum
789 2963 1018 3014 Sepulcrum
1047 2964 1208 3014 supplex
1237 2964 1285 3003 ad
1315 2964 1507 3003 orandum
1538 2964 1664 3003 flendo
1693 2975 1735 3002 se
1763 2963 1979 3014 prostravit,

185 3097 204 3117 Β
222 3095 306 3126 tunc
331 3093 494 3126 lectiones
518 3092 626 3127 lectae
649 3097 734 3127 eunt
758 3094 851 3136 τβρ.
876 3111 920 3116 -
947 3092 968 3119 b
988 3093 1192 3128 Fulchemts
1217 3103 1256 3136 p;
1285 3092 1506 3128 Pulcher-ius
1530 3094 1590 3135 τβ.
1619 3113 1663 3118 -
1689 3098 1706 3118 ⁰
1725 3093 1839 3127 alicus·
1853 3094 1914 3135 τβ.
1935 3113 1979 3118 -

67 3135 91 3164 (Ι
113 3137 352 3173 humilissimo
376 3141 407 3182 β.
434 3159 477 3164 -
503 3145 521 3166 θ
539 3142 624 3183 quia
649 3141 807 3174 nondum
832 3145 986 3184 venerat,
1010 3151 1084 3174 non
1107 3142 1147 3174 id
1171 3142 1334 3175 vidimus.
1378 3151 1454 3174 cum
1481 3142 1572 3183 τβρ.
1600 3159 1643 3164 -
1671 3139 1686 3165 s
1702 3150 1774 3175 om.
1793 3143 1979 3185 repetitum

69 3187 164 3229 τβρ.
190 3204 235 3210 -
260 3195 281 3222 8
299 3189 395 3220 circa
419 3197 452 3221 τ.
485 3205 516 3210 -
548 3187 570 3212 h
588 3188 752 3221 ostiolum
776 3197 843 3230 'rp;
869 3189 1038 3222 ostt'osum
1063 3190 1094 3230 β.
1121 3206 1165 3212 -
1192 3188 1294 3223 1om.
1321 3192 1440 3221 autem
1464 3189 1555 3231 τβρ.
