2216 3438
301 172 466 212 Fu'lcheri
490 175 720 212 Carnotensis
746 175 904 212 Historia
928 174 1266 220 Hierosolymitana.
1294 171 1338 201 4-
1364 174 1440 210 Lib.
1460 175 1487 218 1,
1512 186 1589 219 cap.
1609 174 1668 216 111,
1695 175 1726 209 8.
1902 175 1966 210 137

70 306 89 322 ⁷»
136 285 241 328 oris
279 287 319 327 et
355 286 526 327 animae
561 297 606 327 se
637 283 893 340 satiyabant.
957 284 1188 338 quinimmo
1218 283 1286 326 hic
1316 283 1468 334 ἰνὶείεε,
1502 282 1595 326 hic·³²
1622 296 1846 337 pauperes,
1881 283 1968 327 illic
1987 301 2005 321 a
2025 295 2095 321 10⁹⁵

63 363 68 366 ’
129 369 194 399 em
222 355 324 399 laeti
352 353 422 399 ctb
452 355 686 410 locupletes,
716 356 785 399 hic
814 356 982 399 inimici
999 355 1192 408 Domini,
1224 355 1311 398 illic
1341 359 1506 398 auteme
1528 355 1657 398 amici
1677 352 1813 398 eius³2
1829 358 1968 398 erunt.

80 425 316 484 ]itur1'3⁸⁸
335 431 476 471 autem
495 441 617 471 mora
631 425 743 470 nond
764 427 936 481 differat
952 429 1070 478 itere,
1091 427 1166 470 sed
1171 429 1368 481 propriis
1382 425 1574 471 locatisffi
1589 424 1923 482 sumptibusques
1934 424 1971 450 ³⁵

169 561 190 583 Β
208 560 242 591 et
263 557 546 600 ΑΒινιοιιεβδμ.
573 575 615 582 -
642 535 785 592 b'deest
809 567 843 597 s:
870 567 942 592 om.
968 561 1086 593 autem
1110 536 1196 591 laeti
1220 561 1251 591 et
1268 558 1506 601 Aaronssbu.
1533 577 1578 583 —-
1603 563 1620 584 ⁰
1639 561 1679 593 ut
1696 567 1735 600 x;
1762 567 1833 591 om.
1852 560 1970 591 auum

83 604 296 648 nronssbu.
320 622 369 630 —
391 603 413 632 d
432 605 536 640 nulla
560 615 590 640 z.
618 623 659 629 —
687 611 706 632 θ
724 609 842 640 autem
865 606 936 640 iter
963 616 992 640 s.
1020 623 1062 630 -
1090 604 1106 631 f
1129 615 1202 640 om.
1227 616 1294 649 que
1318 616 1340 639 ι.

14 767 18 814 ξ
69 759 141 800 nd
167 773 266 811 ganz
293 759 362 800 der
381 759 667 799 Fulcherschcn
687 759 865 800 Relation
895 759 934 799 in
963 762 985 808 ξ
1007 760 1029 799 7
1059 759 1343 811 entspreehend
1372 760 1452 799 laet
1482 759 1609 800 Baldr.
1634 760 1681 799 15
1697 760 1727 798 B
1756 760 1832 799 den
1852 759 1970 811 Papst

16 818 19 874 f
79 838 83 849 ν
124 818 247 871 bezug
272 819 342 859 auf
363 819 440 858 den
468 819 715 859 ehrenvollen
746 820 825 859 und
855 819 986 859 hohen
1014 819 1140 868 Lohn,
1169 819 1245 858 den
1273 818 1335 858 die
1363 820 1424 858 fiir
1451 819 1629 858 Christus
1658 817 1696 858 in
1727 819 1801 858 den
1830 818 1974 871 Kampf

16 880 18 933 f
130 878 275 918 enden
309 878 492 930 erlangen
535 879 705 927 werden,
746 891 886 930 sagen:
933 877 1169 927 „Pulchrum
1206 877 1256 918 sit
1290 877 1398 918 vobis
1435 877 1534 917 mori
1562 878 1601 917 in
1632 878 1695 918 illa
1722 877 1872 918 civitate
1901 892 1971 930 pro

16 934 18 966 ἓ
79 944 101 971 ·“ι
135 937 220 987 Ἰο,
247 937 288 978 in
317 950 397 989 qua
421 936 599 978 Christus
627 950 696 989 pro
728 937 834 978 vobis
861 942 1040 978 mortuus
1072 943 1142 978 est.
1190 942 1360 978 ceterum
1381 937 1414 977 si
1434 951 1502 977 vos
1521 937 1616 978 citra
1634 937 1734 978 mori
1756 937 1970 989 contigerit,

16 1002 18 1043 ἒ
71 999 79 1054 ’ζ
116 995 252 1049 ipsum
272 1002 470 1038 autumate
497 996 596 1038 mori
623 996 664 1037 in
693 997 764 1046 via,
793 997 825 1037 si
854 1002 984 1038 tamen
1013 997 1052 1037 in
1082 1010 1154 1037 sua
1182 996 1359 1038 Christus
1379 1010 1447 1037 vos
1466 997 1656 1037 invenerit
1673 996 1819 1037 militia.
1866 998 1970 1037 Deus

16 1083 18 1090 ·
81 1066 89 1090 ἐ
122 1069 224 1097 :wem
261 1055 408 1097 denarii
429 1061 511 1097 ⁴est·
543 1056 763 1106 retributor,
796 1056 921 1109 prima
956 1061 994 1097 et
1030 1058 1128 1096 hora
1163 1056 1381 1097 undecima.
1437 1057 1677 1097 horrendum
1714 1062 1785 1106 est,
1821 1058 1970 1106 fratres,

80 1117 293 1156 'rrendum
320 1121 391 1166 est,
420 1129 488 1157 vos
516 1116 556 1156 in
586 1116 827 1158 Christianos
855 1130 1035 1169 rapacem
1062 1130 1226 1157 manum
1254 1117 1478 1157 extendere:
1507 1115 1638 1157 minus
1667 1117 1813 1157 malum
1843 1122 1901 1157 est
1930 1116 1968 1156 in

134 1194 138 1209 1
181 1188 268 1216 nos
304 1174 475 1228 gladium
513 1176 681 1226 vibrare3
720 1176 914 1228 singulare
948 1177 1097 1217 bonum
1125 1181 1202 1218 est:
1241 1176 1331 1228 quia
1358 1182 1396 1217 et
1423 1176 1561 1217 caritas
1589 1182 1660 1226 est,
1690 1190 1759 1228 pro
1788 1176 1970 1216 fratribus

17 1253 19 1278 1
90 1233 204 1282 vfuns
230 1248 387 1287 ponere.
416 1248 466 1276 ne
494 1247 584 1276 vero
611 1237 659 1276 de
686 1236 865 1277 crastinis
893 1236 1155 1276 evectionibus
1183 1235 1332 1276 solliciti
1359 1236 1459 1277 sitis:
1488 1235 1616 1277 sciatis
1637 1237 1726 1288 quia
1745 1235 1970 1276 timentibus

97 1322 117 1341 2<
138 1305 179 1344 m
204 1294 303 1335 nihil
329 1295 448 1345 deest,
478 1309 551 1336 nec
578 1296 640 1336 his
668 1296 734 1348 qui
762 1310 852 1337 eum
881 1296 1045 1348 diligunt
1072 1296 1111 1336 in
1131 1296 1301 1337 veritate.
1348 1297 1547 1337 facultates
1579 1295 1695 1336 etiam
1724 1295 1969 1336 inimicorum

88 1359 92 1362 ⁴
117 1372 138 1386 ⁴·
163 1372 193 1389 τ’
227 1360 360 1399 erunt:
388 1354 573 1407 quoniam
601 1362 639 1396 et
664 1356 816 1396 illorum
846 1357 1049 1396 thesauros
1078 1355 1339 1408 exspoliabitis
1367 1361 1405 1396 et
1433 1356 1491 1396 vel
1520 1355 1710 1396 victoriosi
1738 1356 1787 1396 ad
1816 1355 1971 1407 propria

108 1432 170 1448 1122
194 1412 285 1464 dtis,
323 1415 384 1455 vel
419 1414 608 1467 sanguine
646 1420 773 1456 vestro
809 1415 1021 1468 purpurati,
1064 1429 1236 1468 perenne
1263 1415 1439 1456 bravium
1474 1414 1752 1467 adipiscemini.
1809 1415 1872 1455 tali
1901 1415 1969 1454 im-

79 1483 100 1505 ’-
132 1491 148 1504 ··
170 1473 220 1514 ·ri
245 1473 410 1515 militare
424 1474 596 1525 debetis,
626 1475 686 1515 cui
715 1475 843 1516 omnis
863 1489 943 1515 non
963 1476 1070 1515 deest
1088 1475 1272 1527 potentia,
1300 1475 1362 1515 cui
1382 1489 1480 1526 quae
1500 1476 1693 1527 rependat*
1704 1475 1811 1515 nulla
1829 1476 1971 1515 desunt

89 1537 148 1567 '¹2
164 1532 256 1574 dia.
321 1533 382 1574 via
418 1534 545 1574 brevis
582 1539 653 1584 est,
690 1535 801 1574 labor
837 1533 1081 1586 permodicus
1118 1540 1178 1575 est
1215 1534 1279 1586 qui
1314 1539 1442 1575 tamen
1473 1534 1831 1575 immarcescibilem
1860 1534 1969 1574 vobis

131 1593 237 1634 det
262 1595 482 1634 coronam!
542 1593 655 1634 Diese
683 1595 898 1644 Gedanken,
922 1599 1045 1635 treten
1074 1594 1136 1635 bei
1164 1595 1324 1635 Guibert
1351 1596 1433 1634 und
1452 1595 1599 1635 Robert
1627 1597 1795 1646 weniger
1824 1594 1864 1634 in
1893 1595 1967 1634 den

142 1670 173 1687 ιτ
209 1653 346 1699 rund:
381 1658 546 1694 ersterer
571 1654 654 1694 lafit
681 1667 784 1694 zwar
816 1655 938 1694 1401)
966 1655 1099 1694 Urban
1128 1667 1260 1705 sagen,
1289 1655 1365 1694 dafi
1394 1653 1572 1694 Christus
1599 1655 1656 1694 als
1685 1655 1970 1706 Bannertriiger

22 1727 23 1730 ¹
101 1727 134 1758 ,τ
154 1711 438 1754 Kreuzfahrern
475 1713 722 1765 vorangehen
760 1715 900 1763 werde,
938 1714 1031 1754 aber
1068 1715 1134 1754 der
1162 1714 1367 1754 Ausdruck
1404 1714 1578 1760 milites
1607 1714 1785 1754 Christi
1819 1714 1969 1753 kommt
2048 1709 2051 1713 ’

27 1824 30 1826 ,
216 1771 258 1812 in
294 1773 363 1813 der
390 1772 672 1813 Guibertschen
710 1773 813 1813 noch
842 1773 1111 1813 Robertschen
1140 1773 1351 1825 Papstrede
1389 1787 1475 1823 vor;
1513 1775 1685 1826 dagegen
1713 1774 1794 1813 laet
1822 1773 1968 1813 Robert

21 1830 22 1834 ’
92 1839 120 1876 ,2
141 1831 176 1872 B
202 1831 336 1872 Urban
362 1832 434 1873 auf
455 1831 518 1872 die
545 1832 874 1874 immarcescibilis
901 1832 1021 1884 gloria
1049 1833 1156 1884 regni
1185 1834 1380 1873 caelorum
1407 1833 1636 1882 hinweisen,
1677 1833 1738 1873 die
1765 1834 1841 1872 den
1870 1833 1968 1872 'reil-

268 1905 334 1932 am
352 1892 458 1944 Zuge
484 1892 716 1933 zukommen
745 1892 843 1933 wird
871 1893 952 1933 und
980 1893 1098 1933 deren
1127 1892 1183 1933 sie
1210 1892 1293 1933 sich
1314 1893 1523 1933 versichert
1544 1893 1673 1933 halten
1692 1893 1828 1933 sollen.
1873 1893 1966 1932 Man

25 1999 28 2008 ἶ
98 1949 283 1998 ›Qierzu
318 1951 419 1992 auch
455 1951 678 2001 Tavernier,
715 1947 966 1993 Rolandslied
992 1954 1043 1992 98
1057 1953 1081 1993 f.
1123 1975 1170 1981 —
1208 1955 1258 1992 32
1286 1952 1421 1992 amici
1450 1953 1571 1993 eius:
1613 1953 1792 1993 Freunde
1820 1952 1966 2000 Gottes‚

24 2018 32 2054 ’ς
111 2032 129 2058 μ
186 2023 263 2053 nur
298 2010 340 2051 in
376 2011 466 2052 dem
501 2011 756 2064 allgemeinen
786 2011 897 2061 Sinn,
939 2013 1015 2052 dass
1044 2013 1135 2052 Gott
1169 2012 1252 2052 sein
1287 2011 1572 2063 Wohlgefallcn
1602 2013 1724 2052 ihnen
1751 2012 1965 2060 zuwendet,

25 2121 27 2126 A
104 2073 145 2128 J*
171 2068 229 2120 nie
262 2075 347 2120 mn,
384 2084 466 2112 was
503 2085 546 2112 er
567 2071 703 2124 *ihnen
739 2071 900 2123 gebiete,
937 2072 1077 2123 gemat}
1114 2072 1202 2111 dem
1241 2071 1378 2111 Worte
1406 2072 1548 2112 Christi
1577 2072 1644 2112 Ev.
1671 2072 1758 2112 Joh.
1792 2072 1852 2119 15,
1897 2072 1965 2111 14:

26 2139 28 2150 '
168 2129 283 2172 amici
309 2130 387 2172 mei
413 2130 519 2181 estis,
547 2130 580 2171 si
609 2131 784 2180 feceritis,
813 2145 914 2182 quae
941 2144 1012 2183 ego
1041 2131 1233 2183 praecipio
1271 2130 1418 2171 vobis“.
1476 2132 1594 2172 Barth
1625 2133 1704 2171 296
1732 2132 1814 2171 htilt
1842 2131 1964 2178 dasiir,

105 2197 118 2243 ’γ
142 2208 165 2222 “-κ
189 2188 313 2233 ,Wort
349 2189 404 2231 sei
440 2191 508 2231 der
536 2190 636 2231 Titel
672 2191 740 2231 der
770 2190 941 2242 Heiligen
973 2191 1053 2231 und
1083 2191 1261 2231 verweist
1288 2191 1358 2231 auf
1381 2186 1546 2231 Hericus
1574 2204 1680 2231 mon.
1711 2191 1751 2231 S.
1781 2189 1964 2231 Germani

25 2258 27 2300 ζ
107 2243 397 2295 ”·-“Γοά,οι·εῃεὶε
423 2249 568 2290 Annal.
597 2250 621 2291 l.
651 2250 706 2291 V:
770 2276 772 2279 v

96 2323 133 2349 ¹.
406 2310 607 2359 „Quantus
635 2315 716 2350 erat
743 2309 879 2358 sancti,
908 2315 1133 2350 sanctorum
1161 2310 1370 2358 mentibus,
1400 2311 1527 2359 ardor,

397 2368 549 2409 Affectu
578 2374 736 2420 quanto,
764 2374 912 2420 quanta
939 2369 1090 2421 pietate,
1118 2369 1295 2410 colebant

400 2428 527 2477 Quem
555 2433 696 2469 norant
725 2441 924 2468 summum
952 2441 1129 2469 summae
1157 2427 1317 2469 Deitatis
1341 2428 1554 2470 ‘amicum'st

143 2512 144 2516 ¹
182 2491 234 2534 ist
257 2506 309 2534 an
337 2497 498 2534 unserer
518 2493 633 2534 Stelle
661 2493 722 2534 die
749 2495 903 2534 letztere
922 2494 1150 2546 Bedeutung
1177 2495 1293 2534 kaum
1324 2495 1582 2545 annehmbar,
1612 2508 1676 2534 um
1707 2507 1750 2536 so
1781 2494 1961 2546 weniger,

103 2558 114 2562 ’“
136 2553 366 2595 1ίιίείιιὶιῌοὴ
400 2552 489 2594 eine
514 2554 652 2605 Menge
689 2554 798 2594 recht
835 2553 1050 2605 unheiliges
1077 2554 1176 2594 Volk
1210 2555 1285 2594 den
1315 2554 1398 2605 Zug
1426 2554 1676 2606 mitgemacht
1704 2555 1784 2593 und
1814 2554 1961 2594 keines-

122 2616 126 2617 ’
180 2611 368 2653 naht-end
395 2613 465 2653 des
483 2613 607 2665 Zuges
635 2613 698 2653 ein
732 2613 1066 2665 „heiligmabigeff
1099 2614 1327 2653 Benehmen
1355 2627 1406 2653 an
1435 2614 1510 2653 den
1540 2614 1622 2664 Tag
1650 2614 1774 2664 gelegt
1801 2614 1880 2653 hat.
1913 2636 1957 2641 —

100 2665 127 2723 f
168 2671 215 2712 8:
249 2672 334 2712 Dei·
360 2673 566 2723 Aufbru'ch
605 2675 678 2713 soll
699 2674 810 2714 *ohne
851 2675 1000 2725 Verz-uq
1037 2676 1091 2712 im
1127 2675 1375 2714 hommenden
1409 2674 1601 2724 Frithlinq
1637 2674 1874 2722 slattfinden.
1912 2697 1958 2702 —

154 2730 340 2783 :opriis
366 2731 575 2772 locatis:
613 2745 730 2772 wenn
767 2732 852 2772 ihre
880 2732 1137 2784 Besitzungen
1173 2733 1395 2784 verpachtet
1422 2731 1528 2780 sind3
1558 2746 1589 2772 s.
1619 2732 1718 2771 auch
1748 2732 1958 2772 denselben

177 2818 190 2831 .
214 2789 257 2831 in
283 2793 334 2840 11,
362 2791 390 2839 Ι,
423 2792 439 2831 1
473 2792 554 2831 und
582 2795 652 2840 111,
681 2792 792 2840 Lvl1‚
827 2793 860 2832 1.
894 2813 939 2820 —
969 2795 1017 2832 85
1045 2797 1277 2844 sumptus
1306 2792 1355 2832 ist
1384 2793 1453 2832 das
1483 2805 1549 2831 zur
1568 2790 1683 2830 Reise
1703 2791 1832 2843 notige
1851 2792 1958 2833 Geld.

107 2850 178 2894 ἶν’
214 2849 390 2891 bemerkt
417 2850 535 2891 Barth
565 2852 664 2891 296:
697 2850 856 2900 „fecisse
882 2852 957 2892 hoc
985 2865 1160 2892 summos
1189 2852 1271 2892 eius
1300 2850 1441 2891 saeculi
1470 2850 1674 2902 principes,
1705 2855 1746 2890 ut
1775 2850 1958 2891 nimirum

181 2907 344 2950 ditiones
377 2922 469 2950 suas
506 2923 576 2961 pro
612 2915 746 2962 parata
774 2910 948 2962 pecunia,
978 2910 1328 2962 oppignoraverint,
1357 2911 1404 2950 ad
1436 2910 1579 2949 bellum
1609 2922 1762 2949 sacrum
1791 2911 1958 2961 proficis-

133 2984 153 3000 υ
185 2969 190 2972 ’
222 2971 403 3009 testatum
441 2968 597 3017 faciunt,
635 2969 806 3021 plerique
842 2983 981 3010 omnes
1017 2971 1093 3010 hoc
1135 2983 1258 3021 genus
1295 2969 1506 3009 historici“.
1571 2969 1956 3010 Selbstverstaudlieh

125 3038 218 3075 κω,
254 3027 331 3067 da&
366 3027 521 3068 betreffs
558 3029 626 3068 der
651 3029 843 3080 Ordnung
870 3029 974 3069 ihrer
1003 3029 1266 3069 Vei-hahuisse
1295 3030 1375 3068 und
1403 3030 1471 3068 der
1499 3028 1774 3080 Ausbringung
1801 3030 1870 3069 der
1898 3031 1958 3069 ffir

121 3082 232 3138 ‘Zuss
266 3086 421 3138 notigen
450 3086 580 3127 Mittel‘
608 3101 682 3127 von
720 3088 799 3128 den
830 3087 1031 3130 einzelnen
1060 3089 1130 3128 das
1157 3087 1448 3139 Notwendigste
1476 3087 1773 3139 bewerkstelligt
1800 3089 1956 3128 werden

156 3162 174 3176 ³2
228 3146 407 3186 wortiber
448 3146 599 3186 sowohl
627 3146 850 3187 Chroniken
887 3148 944 3187 als
981 3147 1082 3187 noch
1121 3148 1371 3187 vorhandene
1408 3147 1758 3186 Rechtsurkunden
1789 3147 1956 3198 Zeugnis

156 3223 185 3256 ·2
234 3203 318 3256 vgl.
338 3205 446 3246 'auch
475 3218 507 3246 c.
528 3205 590 3254 vl,
623 3206 665 3246 1:
699 3209 1087 3259 „prout'sumptuum
1116 3207 1384 3259 opportunitas
1404 3206 1608 3247 occurrit“.
