2216 3438
249 141 318 175 774
410 139 574 174 Fulchen·
599 138 828 173 Carnotensis
855 138 1010 173 Historia
1034 136 1371 182 Hierosolymitana.
1399 156 1443 162 —
1469 137 1544 172 Lib.
1567 137 1626 182 111,
1653 148 1731 182 cap.
1750 137 1869 179 XLVI,
1894 137 2000 173 4-7.

124 260 232 286 a.1125
251 249 512 304 probitatem
555 261 680 290 suam
719 247 764 289 in
795 248 912 290 terra
943 249 1093 290 nostra
1123 248 1366 289 monstrare
1399 246 1634 300 cupientes,
1666 246 1754 289 iam
1785 246 1968 289 victores
1999 260 2046 289 se
2078 247 2168 290 fore

252 320 589 364 arbitrabantur.
644 332 754 373 quos
786 331 884 360 cum
916 318 1114 360 viderent
1144 317 1304 359 civitati
1335 317 1585 371 praedictae
1604 317 1758 360 levatis
1780 318 1913 372 signis
1935 318 2169 373 appropin-

252 405 403 447 quare,
437 391 633 433 exierunt
664 392 816 432 contra
846 403 921 432 eos
954 403 1051 431 cum
1082 402 1245 443 magna
1281 388 1588 431 vociferatione
1625 391 1668 431 et
1705 389 1964 432 audacitate.
2026 387 2097 444 [4]
2128 392 2171 431 et

253 464 493 519 quamlibet
522 475 598 505 rex
630 462 827 504 nondum
857 461 901 503 in
932 461 1099 515 primaa
1130 460 1320 503 acierum
1351 473 1530 502 suarum
1561 457 1730 502 fronteb
1771 460 2029 512 advenisset,
2068 462 2171 516 quia

250 537 296 578 in
330 535 568 590 posteriore
599 536 724 589 parte
757 533 962 576 sollicitus
994 546 1040 575 se
1071 532 1324 575 retardabat
1335 528 1384 583 ¹4,
1421 534 1470 573 ut
1500 531 1588 573 suis
1625 531 1777 574 callide
1815 532 2092 586 fugientibus,
2137 533 2171 575 si

250 607 487 650 necessitas
519 608 706 660 urgeret,
741 605 913 648 adiutor
944 604 1189 654 exsisteret;
1223 603 1460 646 anteriores
1491 603 1628 646 nostri
1660 600 1908 646 eursores¹5
1929 604 2061 646 animi
2084 618 2169 646 non

251 675 447 733 inopes¹⁶
498 678 707 720 adversus
758 690 834 719 eos
885 676 1114 719 inedicibili
1130 672 1164 698 ¹⁷
1222 675 1400 729 impetu,
1452 673 1628 716 Adiuva
1670 671 1837 717 Deus¹⁸
1881 675 2173 718 exclamantes

256 751 495 792 inruerunt.
546 763 656 804 quos
689 762 788 791 cum
819 751 944 791 tanta
966 748 1122 790 virtute
1145 749 1189 789 et
1210 746 1486 789 animositate
1508 746 1773 789 inculcantes
1793 748 1837 789 et
1858 747 2174 801 opprimentesc

252 823 366 864 intra
415 824 565 876 portas
612 817 780 863 urbis¹⁹
820 820 1027 871 feriendo,
1072 819 1388 874 prosternendo
1432 821 1475 860 et
1518 814 1769 861 occidendo
1795 818 2071 873 impulerunt,
2113 821 2175 870 ut,

254 896 465 949 quantum
500 893 732 935 aestimare
764 892 873 942 licet,
907 891 942 934 si
975 891 1200 946 aliquanto
1231 890 1371 944 magis
1393 890 1448 932 de
1471 891 1598 944 gente
1620 891 1776 944 parata
1796 889 1880 932 illic
1900 880 2175 941 haberemus,

253 966 539 1022 proculdubio
595 978 694 1007 cum
747 964 832 1006 illisv
874 963 1161 1006 communiter
1206 962 1382 1006 introire
1429 964 1608 1017 possent
1658 961 1733 1016 qui
1787 961 2175 1017 persequebantur.

255 1036 324 1093 [5]
356 1039 658 1080 remanserunt
699 1036 847 1091 itaque
878 1035 1170 1087 Ascalonitae,
1212 1037 1408 1078 mortuos
1448 1047 1550 1076 suos
1587 1033 1702 1076 ultra
1732 1033 1807 1076 XL
1838 1033 1893 1076 de
1925 1033 2174 1076 melioribus

255 1110 452 1164 lugentes
493 1111 536 1151 et
576 1109 864 1150 lamentantes
905 1109 948 1149 et
984 1107 1038 1149 de
1069 1107 1153 1149 hoc
1184 1106 1419 1149 infortunio
1457 1103 1677 1160 insperato
1718 1105 1997 1148 vehementer
2039 1104 2175 1147 a'dmi·

255 1182 414 1222 rantes.
469 1177 538 1234 [6]
561 1192 635 1222 rex
667 1181 827 1230 autem,
860 1179 974 1221 tubis
1006 1178 1362 1233 significantibuS‚
1395 1177 1508 1220 ultra
1539 1179 1583 1220 et
1612 1190 1749 1232 prope
1781 1177 1935 1220 urbem
1956 1179 2082 1220 nocte
2105 1176 2177 1219 illa

257 1252 338 1293 sub
383 1251 579 1293 tentoriis
628 1251 888 1305 conquievit.
952 1251 1071 1305 quod
1113 1250 1147 1292 si
1193 1250 1441 1292 habuerunt
1485 1249 1625 1303 gratia
1665 1248 1743 1291 Dei
1784 1248 1987 1303 quietem,
2029 1248 2216 1302 hostes(

258 1322 394 1366 nostri
426 1325 595 1365 noctem
628 1318 775 1364 illamd
807 1323 1022 1365 duxerunt
1044 1321 1287 1364 insomnem
1307 1324 1351 1364 et
1371 1321 1551 1363 tristem.
1604 1334 1720 1372 nam,
1753 1322 1802 1362 ut
1822 1319 1883 1363 ait
1909 1317 2176 1375 Iosephus²⁰‚
2202 1339 2216 1350 .

259 1393 411 1436 nimis
457 1392 719 1446 confidens
761 1393 1005 1436 ‘incautus
1051 1396 1144 1444 est,
1198 1395 1351 1434 metus
1394 1395 1559 1449 autem
1600 1391 1979 1445 providentiam
2024 1351 2216 1484 docet}

259 1462 329 1520 [7]
351 1465 575 1507 sciendum
608 1465 725 1519 quod
759 1465 828 1507 die
860 1465 932 1507 illa
963 1465 1127 1507 nullam
1158 1464 1371 1519 praedam
1401 1464 1537 1507 nostri
1569 1476 1766 1506 cursores
1797 1462 1910 1506 circa
1941 1462 2093 1505 urbem
2114 1462 2176 1505 in·
2193 1485 2216 1515 ’.ἢ

260 1540 485 1579 venerunt.
548 1550 652 1579 nam
691 1536 746 1579 de
788 1537 980 1579 adventu
1019 1536 1132 1590 regis
1163 1535 1347 1591 praescii
1379 1535 1467 1578 iam
1498 1547 1658 1589 pecora
1689 1547 1770 1578 sua
1799 1533 2005 1577 universa
2034 1530 2210 1588 provi-

260 1609 414 1651 denter
447 1608 804 1651 absconderante.

345 1726 402 1803 da
418 1721 581 1802 Ρφὲίιςαφη
607 1721 671 1763 δμ.
702 1738 741 1746 -
770 1719 791 1746 b
810 1720 965 1763 frontem
991 1720 1053 1762 δμ.
1081 1739 1125 1745 -
1151 1724 1169 1746 0
1187 1729 1259 1754 om.
1286 1723 1317 1753 et
1341 1721 1580 1765 opprimentes
1606 1718 1670 1761 δμ.
1696 1737 1742 1744 —-
1766 1716 1788 1744 d
1806 1716 1907 1753 deest
1923 1717 1988 1762 δμ.
2015 1735 2057 1741 -
2084 1722 2102 1743 Θ
2121 1715 2202 1752 ab·'

261 1779 341 1803 scon
364 1779 459 1803 erun
530 1779 565 1811 μ.
1740 1772 1749 1780 ”

265 1929 364 1968 doch
394 1929 461 1968 der
490 1928 771 1979 nachfolgende
798 1929 870 1968 mit
889 1941 1011 1980 quos
1031 1928 1276 1980 beginnende
1297 1929 1384 1968 Satz
1406 1927 1589 1968 verbietet
1608 1928 1712 1968 diese
1730 1927 1952 1968 Annahme.
1986 1948 2028 1955 -—
2062 1929 2108 1966 14
2127 1920 2201 1967 Zu'

266 1988 518 2028 sollicitus
549 2002 596 2028 sc
625 1989 908 2028 retardabat
936 2002 967 2028 s.
997 2003 1023 2028 n
1054 1990 1116 2028 20.
1149 2013 1196 2017 —
1228 1991 1273 2028 15
1302 2002 1517 2028 cursores
1547 1988 1635 2028 sind
1663 1988 1764 2028 nach
1785 1987 1902 2028 Gesta
1920 1987 2001 2035 XII,
2034 1988 2050 2026 1
2090 1986 2176 2038 „qui

269 2048 480 2087 exercitum
510 2061 664 2099 semper
692 2049 919 2099 praecedere
948 2048 1161 2096 solebant“‚
1193 2048 1248 2087 sie
1275 2047 1442 2087 bildeten
1470 2047 1531 2087 die
1562 2048 1709 2088 Vorhut
1738 2047 1819 2087 und
1847 2059 1979 2087 waren
2007 2045 2069 2086 die
2101 2049 2201 2098 „ex-g

271 2108 525 2158 ploratores“.
573 2107 657 2158 Vgl.
689 2107 761 2146 HG
782 2108 871 2147 214.
905 2130 951 2135 ——
984 2111 1030 2147 16
1058 2107 1204 2147 animi
1234 2121 1325 2147 non
1354 2107 1550 2159 inopes:
1579 2121 1628 2147 an
1659 2107 1742 2147 Mut
1770 2107 1877 2147 nicht
1904 2119 2001 2146 arm.
2049 2105 2198 2147 Guizot.v

267 2169 362 2206 253:
410 2180 650 2218 „courageux
686 2168 734 2206 de
762 2168 906 2207 eoem-⁴⁴.
940 2190 986 2195 —
1018 2171 1062 2207 17
1093 2168 1148 2206 Zu
1177 2166 1442 2207 inedicibili
1471 2168 1544 2218 vgl.
1573 2167 1655 2215 XX,
1685 2169 1710 2206 5
1738 2180 1764 2206 n
1787 2167 1848 2206 13.
1896 2165 2050 2206 Guizot:
2084 2176 2202 2214 „une3

266 2228 406 2278 fougue
433 2226 774 2267 extraordinaire“.
807 2249 854 2254 —
887 2230 932 2265 18
961 2228 1017 2266 Zu
1046 2227 1215 2267 adiuva
1243 2227 1367 2267 Deus
1396 2241 1426 2266 s.
1457 2230 1487 2276 1,
1515 2227 1664 2275 XXVII,
1698 2227 1748 2266 10
1773 2240 1800 2265 11
1829 2227 1894 2266 33.
1925 2249 1972 2254 —
2003 2228 2049 2264 19
2075 2220 2204 2397 ΝΒΟΞ

267 2286 353 2325 WT
381 2286 497 2334 XVII,
529 2287 579 2325 22
608 2286 717 2325 hatte
744 2286 916 2327 Askalon
947 2286 1043 2326 vier
1072 2287 1211 2335 Tere,
1242 2300 1316 2326 von
1346 2288 1473 2326 denen
1502 2300 1544 2326 es
1572 2285 1838 2326 vornehmlich
1875 2285 1944 2324 das
1971 2283 2178 2335 Joppeseh·

268 2347 348 2385 und
387 2347 456 2385 das
484 2345 760 2385 Jerusalemtor
788 2359 968 2397 gewesen
998 2346 1081 2385 sein
1110 2346 1219 2394 wird,
1261 2347 1382 2386 durch
1412 2342 1557 2386 virelche
1585 2345 1646 2385 die
1674 2343 2035 2385 zuriickssiehenden
2063 2342 2144 2382 Ask

267 2404 412 2444 loniten
442 2405 731 2456 eingedrungen
760 2405 860 2445 sind.
908 2406 948 2445 S.
979 2406 1047 2444 HE
1081 2407 1155 2445 178
1183 2407 1264 2445 und
1293 2406 1388 2457 HEp
1412 2407 1504 2454 395,
1533 2418 1594 2444 wo
1623 2406 1691 2444 das
1720 2404 1966 2456 ungeheuere
1984 2402 2136 2442 Gedriin
2160 2410 2163 2411 ’
2177 2411 2190 2445 [1

269 2479 317 2504 an
349 2466 424 2504 den
454 2464 582 2504 Toren
612 2464 806 2504 Askalons
835 2466 1012 2505 erwahnt
1041 2465 1149 2513 wird,
1180 2466 1236 2505 als
1265 2479 1328 2505 am
1360 2467 1420 2505 12.
1442 2466 1540 2516 Aug.
1564 2466 1667 2505 1099
1695 2477 1770 2504 von
1798 2465 1874 2503 den
1901 2459 2190 2502 Kreuzfahrer''

268 2523 428 2574 verfolgt
456 2537 506 2563 an
535 2523 668 2563 diesen
697 2524 826 2564 Toren
856 2525 956 2564 auch
985 2524 1070 2564 eine
1099 2525 1236 2576 Menge
1265 2526 1332 2564 der
1359 2524 1578 2564 ssiehenden
1609 2524 1827 2564 Sarazenen
1857 2535 1945 2562 ums
1966 2521 2097 2561 Leben
2132 2530 2199 2567 ·,τ’;

269 2584 453 2622 kommen
482 2583 541 2622 ist.
574 2606 622 2611 -
652 2586 700 2622 20
728 2585 772 2631 ἐξ
802 2585 826 2622 6
846 2597 884 2624 u.
907 2585 951 2624 7:
982 2585 1217 2636 Nacktlayer
1245 2586 1311 2624 des
1330 2586 1479 2636 Ko‘niys
1506 2587 1549 2624 in
1576 2585 1754 2623 ndchster
1773 2584 1885 2622 Nethe
1911 2595 1981 2621 von
2000 2582 2059 2620 As
2089 2598 2097 2615 ι
2130 2597 2139 2614 ι
2171 2617 2173 2619 ,

270 2644 388 2681 Beate
416 2644 615 2694 erlanqten
643 2645 705 2682 die
732 2644 917 2683 Franken
946 2646 988 2683 in
1016 2645 1086 2683 der
1102 2645 1271 2696 ,Geyend
1298 2646 1425 2683 dieser
1453 2645 1568 2683 Stadt
1596 2644 1715 2683 keine.
1747 2666 1794 2671 —
1834 2641 2072 2696 Iosephus
2100 2637 2170 2679 ai
2198 2643 2199 2646 ’

269 2701 377 2750 (Bell.
392 2702 820 2751 1ud.1,374[X1X‚4]):
840 2709 884 2743 τὸ
912 2709 978 2751 μὲν
1001 2709 1073 2752 γὰρ
1099 2709 1193 2752 ἄγαν
1219 2710 1399 2751 πεποιθὸς
1424 2709 1651 2752 ἀφύλακτον,
1677 2707 1714 2743 οἱ
1739 2707 1855 2752 φόβοι
1879 2707 1921 2742 δέ
1946 2706 2186 2741 διδάσκου·

269 2767 519 2810 προμήθειαν;
555 2762 644 2810 „der
671 2762 770 2801 allzu
791 2762 1143 2813 Vertrauensselige
1171 2763 1312 2802 nimmt
1339 2763 1422 2802 sich
1442 2762 1611 2813 weniger
1639 2761 1680 2800 in
1708 2761 1816 2808 acht3
1845 2760 1907 2800 die
1926 2759 2071 2799 Furcht
2101 2775 2160 2793 -··-

269 2821 369 2859 lehrt
411 2820 626 2861 Vorsicht“.
683 2822 752 2861 Fu.
795 2821 862 2861 hat
904 2821 1026 2862 dieses
1055 2822 1169 2861 Wort
1209 2822 1336 2862 seiner
1375 2822 1458 2861 ihm
1496 2821 1774 2872 vorgelegenen
1802 2820 1905 2860 alten
1931 2817 2149 2859 lateinisch-

270 2879 722 2931 Josephusiibersetzung
759 2886 1026 2929 entnommen‚
1067 2881 1140 2920 wie
1168 2894 1209 2920 es
1238 2882 1338 2920 auch
1366 2880 1648 2932 gleichlautend
1675 2880 1715 2919 in
1743 2880 1811 2919 der
1838 2878 2087 2918 Rufinfibers.

271 2938 405 2978 Colon.
436 2939 573 2988 (1524)
603 2954 639 2991 p.
661 2939 762 2979 240¹)
790 2941 870 2979 und
898 2940 938 2979 in
967 2941 1034 2980 der
1062 2933 1202 2980 Ubers.
1233 2942 1299 2980 des
1329 2940 1504 2980 Gelasius
1533 2940 1601 2979 Ed.
1632 2939 1745 2978 Frob.
1774 2937 1910 2987 (1554)
1939 2951 1976 2988 p.
1996 2936 2076 2975 610
2103 2932 2156 2974 si

272 2998 401 3037 findet.
458 2999 527 3038 Fu.
557 2998 635 3038 will
673 3012 811 3050 sagen:
851 3004 995 3039 erstere
1023 2999 1191 3039 Sentenz
1227 3000 1295 3039 hat
1333 2999 1414 3038 sich
1453 2999 1493 3038 in
1521 3000 1589 3038 der
1616 3002 1839 3049 genannten
1866 2996 1993 3035 Nacht
2020 2993 2082 3034 bei
2110 2993 2149 3032 d
2181 3009 2187 3013 ’

273 3057 463 3105 Franken,
480 3057 553 3096 ·die
580 3057 713 3098 zweite
741 3058 802 3098 bei
831 3059 905 3098 den
934 3058 1187 3099 Askaloniten
1216 3059 1404 3099 bewahrt.
1451 3081 1496 3085 —
1541 3057 1664 3096 Einen
1699 3057 1869 3096 anderen
1898 3053 2057 3094 Ver-lauf
2075 3053 2163 3105 J'en

272 3128 392 3164 gegen
414 3116 584 3156 Askalon
615 3118 848 3167 gerichteten
870 3118 1187 3158 Unternehmens
1216 3119 1284 3157 der
1303 3118 1481 3157 Franken
1509 3117 1590 3168 gibt
1609 3116 1695 3154 WT
1714 3115 1811 3162 XIII,
1835 3115 1880 3153 17
1912 3126 2000 3152 zum
2028 3112 2154 3151 beste

273 3173 474 3213 W‘ahrend
504 3176 572 3214 Fu.
603 3177 702 3215 nach
734 3178 754 3223 ξ
785 3178 808 3215 4
837 3177 1029 3216 zwischen
1061 3178 1135 3216 den
1165 3177 1297 3219 Zeilen
1327 3178 1415 3220 dem
1443 3177 1569 3229 Konig
1609 3175 1729 3215 durch
1769 3173 1850 3213 sein
1880 3170 2149 3211 Zuriickbleio·
2206 3211 2207 3215 ,
