<?xml version="1.0" encoding="UTF-8"?>
<!DOCTYPE html PUBLIC "-//W3C//DTD XHTML 1.0 Transitional//EN"
    "http://www.w3.org/TR/xhtml1/DTD/xhtml1-transitional.dtd">
<html xmlns="http://www.w3.org/1999/xhtml" xml:lang="en" lang="en">
 <head>
  <title>
</title>
<meta http-equiv="Content-Type" content="text/html;charset=utf-8" />
  <meta name='ocr-system' content='tesseract 3.04.00' />
  <meta name='ocr-capabilities' content='ocr_page ocr_carea ocr_par ocr_line ocrx_word'/>
</head>
<body>
  <div class='ocr_page' id='page_1' title='image "./historiahierosol00foucuoft/historiahierosol00foucuoft_0509.png"; bbox 0 0 2216 3438; ppageno 0'>
   <div class='ocr_carea' id='block_1_1' title="bbox 228 188 1993 251">
    <p class='ocr_par' dir='ltr' id='par_1_1' title="bbox 228 188 1993 251">
     <span class='ocr_line' id='line_1_1' title="bbox 228 188 1993 251; baseline -0.001 -24"><span class='ocrx_word' id='word_1_1' title='bbox 228 189 394 251; x_wconf 54' lang='lat' dir='ltr'><em>fulcheri</em></span> <span class='ocrx_word' id='word_1_2' title='bbox 417 188 649 227; x_wconf 79' lang='lat' dir='ltr'><em>Carnutensis</em></span> <span class='ocrx_word' id='word_1_3' title='bbox 673 189 833 226; x_wconf 85' lang='lat' dir='ltr'>Historia</span> <span class='ocrx_word' id='word_1_4' title='bbox 857 188 1196 237; x_wconf 78' lang='lat' dir='ltr'><em>Hierosolymitana.</em></span> <span class='ocrx_word' id='word_1_5' title='bbox 1224 210 1267 215; x_wconf 89' lang='lat'>—</span> <span class='ocrx_word' id='word_1_6' title='bbox 1292 189 1372 226; x_wconf 85' lang='lat' dir='ltr'>Lib.</span> <span class='ocrx_word' id='word_1_7' title='bbox 1388 191 1435 234; x_wconf 89' lang='lat'><em>11,</em></span> <span class='ocrx_word' id='word_1_8' title='bbox 1460 202 1538 236; x_wconf 86' lang='lat' dir='ltr'><strong>cap.</strong></span> <span class='ocrx_word' id='word_1_9' title='bbox 1556 188 1681 234; x_wconf 87' lang='lat' dir='ltr'>XXXI,</span> <span class='ocrx_word' id='word_1_10' title='bbox 1706 191 1837 227; x_wconf 80' lang='lat'>8-11,</span> <span class='ocrx_word' id='word_1_11' title='bbox 1922 191 1993 227; x_wconf 79' lang='lat'><em>493</em></span> 
     </span>
    </p>
   </div>
   <div class='ocr_carea' id='block_1_2' title="bbox 0 290 2119 1357">
    <p class='ocr_par' dir='ltr' id='par_1_2' title="bbox 0 290 2119 1357">
     <span class='ocr_line' id='line_1_2' title="bbox 66 290 2119 355; baseline 0 -11"><span class='ocrx_word' id='word_1_12' title='bbox 66 299 230 351; x_wconf 65' lang='lat' dir='ltr'><em>modio,</em></span> <span class='ocrx_word' id='word_1_13' title='bbox 254 290 563 354; x_wconf 70' lang='lat' dir='ltr'><em>proculdubio⁸</em></span> <span class='ocrx_word' id='word_1_14' title='bbox 591 300 712 344; x_wconf 79' lang='lat' dir='ltr'><em>nobis</em></span> <span class='ocrx_word' id='word_1_15' title='bbox 742 303 804 343; x_wconf 87' lang='lat' dir='ltr'><em>est</em></span> <span class='ocrx_word' id='word_1_16' title='bbox 827 298 1076 354; x_wconf 73' lang='lat' dir='ltr'><em>paratumb.</em></span> <span class='ocrx_word' id='word_1_17' title='bbox 1128 303 1166 343; x_wconf 90' lang='lat' dir='ltr'><em>et</em></span> <span class='ocrx_word' id='word_1_18' title='bbox 1196 300 1300 355; x_wconf 80' lang='lat' dir='ltr'><em>quia</em></span> <span class='ocrx_word' id='word_1_19' title='bbox 1329 300 1424 343; x_wconf 79' lang='lat' dir='ltr'><em>sine</em></span> <span class='ocrx_word' id='word_1_20' title='bbox 1454 300 1628 344; x_wconf 79' lang='lat' dir='ltr'><em>divino⁰</em></span> <span class='ocrx_word' id='word_1_21' title='bbox 1658 300 1822 344; x_wconf 78' lang='lat' dir='ltr'><em>auxilio</em></span> <span class='ocrx_word' id='word_1_22' title='bbox 1848 299 1992 344; x_wconf 78' lang='lat' dir='ltr'><em>nulla-</em></span> <span class='ocrx_word' id='word_1_23' title='bbox 2010 317 2039 339; x_wconf 81' lang='lat' dir='ltr'><em>a·</em></span> <span class='ocrx_word' id='word_1_24' title='bbox 2049 311 2119 339; x_wconf 86' lang='lat'>110⁵</span> 
     </span>
     <span class='ocr_line' id='line_1_3' title="bbox 69 369 1996 433; baseline -0.001 -18"><span class='ocrx_word' id='word_1_25' title='bbox 69 373 193 416; x_wconf 68' lang='lat' dir='ltr'><em>tenus</em></span> <span class='ocrx_word' id='word_1_26' title='bbox 225 371 342 433; x_wconf 72' lang='lat' dir='ltr'><em>yenti</em></span> <span class='ocrx_word' id='word_1_27' title='bbox 377 374 523 415; x_wconf 78' lang='lat' dir='ltr'><em>tantae</em></span> <span class='ocrx_word' id='word_1_28' title='bbox 550 371 789 426; x_wconf 77' lang='lat' dir='ltr'><strong><em>poterimus</em></strong></span> <span class='ocrx_word' id='word_1_29' title='bbox 824 371 1034 424; x_wconf 82' lang='lat' dir='ltr'><em>obsistere,</em></span> <span class='ocrx_word' id='word_1_30' title='bbox 1068 371 1331 415; x_wconf 78' lang='lat' dir='ltr'><em>clementiam</em></span> <span class='ocrx_word' id='word_1_31' title='bbox 1362 369 1476 414; x_wconf 81' lang='lat' dir='ltr'><em>Deid</em></span> <span class='ocrx_word' id='word_1_32' title='bbox 1507 385 1650 415; x_wconf 78' lang='lat' dir='ltr'><em>omnes</em></span> <span class='ocrx_word' id='word_1_33' title='bbox 1679 372 1916 425; x_wconf 77' lang='lat' dir='ltr'><em>implorate,</em></span> <span class='ocrx_word' id='word_1_34' title='bbox 1949 374 1996 415; x_wconf 92' lang='lat' dir='ltr'><em>ut</em></span> 
     </span>
     <span class='ocr_line' id='line_1_4' title="bbox 67 441 1993 499; baseline 0 -13"><span class='ocrx_word' id='word_1_35' title='bbox 67 444 160 499; x_wconf 62' lang='lat' dir='ltr'><em>regi</em></span> <span class='ocrx_word' id='word_1_36' title='bbox 189 445 334 487; x_wconf 80' lang='lat' dir='ltr'><em>nostro</em></span> <span class='ocrx_word' id='word_1_37' title='bbox 365 442 586 486; x_wconf 77' lang='lat' dir='ltr'><em>Balduiuo</em></span> <span class='ocrx_word' id='word_1_38' title='bbox 617 447 656 486; x_wconf 92' lang='lat' dir='ltr'><em>et</em></span> <span class='ocrx_word' id='word_1_39' title='bbox 685 443 778 486; x_wconf 80' lang='lat' dir='ltr'><em>suis</em></span> <span class='ocrx_word' id='word_1_40' title='bbox 807 443 1002 486; x_wconf 82' lang='lat' dir='ltr'><em>omnibus</em></span> <span class='ocrx_word' id='word_1_41' title='bbox 1033 443 1209 487; x_wconf 82' lang='lat' dir='ltr'><em>clemens</em></span> <span class='ocrx_word' id='word_1_42' title='bbox 1229 443 1439 487; x_wconf 71' lang='lat' dir='ltr'><em>adiutore</em></span> <span class='ocrx_word' id='word_1_43' title='bbox 1451 441 1488 467; x_wconf 76' lang='lat'><em>²4</em></span> <span class='ocrx_word' id='word_1_44' title='bbox 1526 444 1576 486; x_wconf 79' lang='lat' dir='ltr'><em>iu</em></span> <span class='ocrx_word' id='word_1_45' title='bbox 1611 443 1687 487; x_wconf 80' lang='lat' dir='ltr'><em>hoe</em></span> <span class='ocrx_word' id='word_1_46' title='bbox 1715 441 1894 497; x_wconf 77' lang='lat' dir='ltr'><em>proelias</em></span> <span class='ocrx_word' id='word_1_47' title='bbox 1922 446 1993 486; x_wconf 88' lang='lat' dir='ltr'><em>im·</em></span> 
     </span>
     <span class='ocr_line' id='line_1_5' title="bbox 68 511 1998 570; baseline -0.001 -12"><span class='ocrx_word' id='word_1_48' title='bbox 68 514 254 558; x_wconf 61' lang='lat' dir='ltr'><em>minente</em></span> <span class='ocrx_word' id='word_1_49' title='bbox 281 513 480 569; x_wconf 77' lang='lat' dir='ltr'><em>diynetur</em></span> <span class='ocrx_word' id='word_1_50' title='bbox 510 514 665 557; x_wconf 80' lang='lat' dir='ltr'><em>adesse.</em></span> <span class='ocrx_word' id='word_1_51' title='bbox 730 511 800 570; x_wconf 89' lang='lat'><em>[8]</em></span> <span class='ocrx_word' id='word_1_52' title='bbox 832 514 1003 558; x_wconf 78' lang='lat' dir='ltr'><em>distulit</em></span> <span class='ocrx_word' id='word_1_53' title='bbox 1032 515 1200 569; x_wconf 81' lang='lat' dir='ltr'><em>quidem</em></span> <span class='ocrx_word' id='word_1_54' title='bbox 1229 519 1333 557; x_wconf 70' lang='lat' dir='ltr'><em>rexss</em></span> <span class='ocrx_word' id='word_1_55' title='bbox 1362 512 1533 558; x_wconf 78' lang='lat' dir='ltr'><em>hodie²⁶</em></span> <span class='ocrx_word' id='word_1_56' title='bbox 1575 515 1728 559; x_wconf 84' lang='lat' dir='ltr'><em>bellum</em></span> <span class='ocrx_word' id='word_1_57' title='bbox 1746 516 1857 569; x_wconf 74' lang='lat' dir='ltr'><em>fieri,</em></span> <span class='ocrx_word' id='word_1_58' title='bbox 1888 517 1998 558; x_wconf 82' lang='lat' dir='ltr'><em>sieut</em></span> 
     </span>
     <span class='ocr_line' id='line_1_6' title="bbox 55 582 1995 641; baseline 0.001 -13"><span class='ocrx_word' id='word_1_59' title='bbox 55 596 146 641; x_wconf 57' lang='grc' dir='ltr'><em>,ρον</em></span> <span class='ocrx_word' id='word_1_60' title='bbox 185 584 299 629; x_wconf 77' lang='lat' dir='ltr'><em>hunc</em></span> <span class='ocrx_word' id='word_1_61' title='bbox 340 582 680 641; x_wconf 72' lang='lat' dir='ltr'><em>breviqerulumh</em></span> <span class='ocrx_word' id='word_1_62' title='bbox 695 582 733 608; x_wconf 77' lang='lat'><em>²⁶</em></span> <span class='ocrx_word' id='word_1_63' title='bbox 769 585 890 629; x_wconf 77' lang='lat' dir='ltr'><em>nobis</em></span> <span class='ocrx_word' id='word_1_64' title='bbox 929 589 1071 629; x_wconf 82' lang='lat' dir='ltr'><em>notum</em></span> <span class='ocrx_word' id='word_1_65' title='bbox 1114 587 1233 630; x_wconf 87' lang='lat' dir='ltr'><em>modo</em></span> <span class='ocrx_word' id='word_1_66' title='bbox 1270 585 1407 640; x_wconf 81' lang='lat' dir='ltr'><em>facit¹,</em></span> <span class='ocrx_word' id='word_1_67' title='bbox 1449 587 1654 641; x_wconf 77' lang='lat' dir='ltr'><em>quatinus</em></span> <span class='ocrx_word' id='word_1_68' title='bbox 1694 587 1763 630; x_wconf 86' lang='lat' dir='ltr'><em>die</em></span> <span class='ocrx_word' id='word_1_69' title='bbox 1793 587 1995 639; x_wconf 79' lang='lat' dir='ltr'><em>crastina,</em></span> 
     </span>
     <span class='ocr_line' id='line_1_7' title="bbox 70 655 1998 713; baseline 0.001 -13"><span class='ocrx_word' id='word_1_70' title='bbox 70 666 179 713; x_wconf 63' lang='lat' dir='ltr'><em>{uae</em></span> <span class='ocrx_word' id='word_1_71' title='bbox 201 655 292 700; x_wconf 87' lang='lat' dir='ltr'><em>dies</em></span> <span class='ocrx_word' id='word_1_72' title='bbox 312 659 396 700; x_wconf 81' lang='lat' dir='ltr'><em>erit</em></span> <span class='ocrx_word' id='word_1_73' title='bbox 414 655 648 700; x_wconf 79' lang='lat' dir='ltr'><em>Dominica</em></span> <span class='ocrx_word' id='word_1_74' title='bbox 657 655 708 709; x_wconf 75' lang='lat'><em>²⁷,</em></span> <span class='ocrx_word' id='word_1_75' title='bbox 730 670 816 711; x_wconf 78' lang='lat' dir='ltr'><em>qua</em></span> <span class='ocrx_word' id='word_1_76' title='bbox 842 657 1042 701; x_wconf 77' lang='lat' dir='ltr'><em>Christus</em></span> <span class='ocrx_word' id='word_1_77' title='bbox 1061 673 1090 701; x_wconf 90' lang='lat' dir='ltr'><strong><em>a</em></strong></span> <span class='ocrx_word' id='word_1_78' title='bbox 1109 661 1240 701; x_wconf 87' lang='lat' dir='ltr'><em>morte</em></span> <span class='ocrx_word' id='word_1_79' title='bbox 1259 660 1494 701; x_wconf 74' lang='lat' dir='ltr'><em>resurrexit</em></span> <span class='ocrx_word' id='word_1_80' title='bbox 1505 656 1541 708; x_wconf 72' lang='lat'><em>¹²,</em></span> <span class='ocrx_word' id='word_1_81' title='bbox 1562 659 1754 701; x_wconf 85' lang='lat' dir='ltr'><em>securius</em></span> <span class='ocrx_word' id='word_1_82' title='bbox 1766 659 1998 712; x_wconf 79' lang='lat' dir='ltr'><em>proelietur</em></span> 
     </span>
     <span class='ocr_line' id='line_1_8' title="bbox 68 727 1997 785; baseline 0 -12"><span class='ocrx_word' id='word_1_83' title='bbox 68 730 111 773; x_wconf 65' lang='lat' dir='ltr'><em>d</em></span> <span class='ocrx_word' id='word_1_84' title='bbox 145 727 362 772; x_wconf 73' lang='lat' dir='ltr'><em>adiunctis</em></span> <span class='ocrx_word' id='word_1_85' title='bbox 399 728 659 772; x_wconf 76' lang='lat' dir='ltr'><em>orationibus</em></span> <span class='ocrx_word' id='word_1_86' title='bbox 696 729 845 772; x_wconf 80' lang='lat' dir='ltr'><em>vestris</em></span> <span class='ocrx_word' id='word_1_87' title='bbox 885 732 925 772; x_wconf 92' lang='lat' dir='ltr'><em>et</em></span> <span class='ocrx_word' id='word_1_88' title='bbox 966 729 1234 785; x_wconf 76' lang='lat' dir='ltr'><em>eleemosynis</em></span> <span class='ocrx_word' id='word_1_89' title='bbox 1276 729 1393 783; x_wconf 79' lang='lat' dir='ltr'><em>apud</em></span> <span class='ocrx_word' id='word_1_90' title='bbox 1422 729 1568 772; x_wconf 86' lang='lat' dir='ltr'><em>Deum</em></span> <span class='ocrx_word' id='word_1_91' title='bbox 1598 730 1835 782; x_wconf 83' lang='lat' dir='ltr'><em>roboratus,</em></span> <span class='ocrx_word' id='word_1_92' title='bbox 1868 730 1997 784; x_wconf 76' lang='lat' dir='ltr'><em>eonfi-</em></span> 
     </span>
     <span class='ocr_line' id='line_1_9' title="bbox 68 797 1991 857; baseline -0.001 -12"><span class='ocrx_word' id='word_1_93' title='bbox 68 798 237 846; x_wconf 63' lang='lat' dir='ltr'><em>anitius</em></span> <span class='ocrx_word' id='word_1_94' title='bbox 263 803 440 856; x_wconf 70' lang='lat' dir='ltr'><em>puynet.</em></span> <span class='ocrx_word' id='word_1_95' title='bbox 501 797 572 855; x_wconf 77' lang='lat'><em>[9]</em></span> <span class='ocrx_word' id='word_1_96' title='bbox 603 804 862 855; x_wconf 77' lang='lat' dir='ltr'><em>quapropter</em></span> <span class='ocrx_word' id='word_1_97' title='bbox 892 798 956 843; x_wconf 80' lang='lat' dir='ltr'><em>in¹</em></span> <span class='ocrx_word' id='word_1_98' title='bbox 986 801 1067 844; x_wconf 80' lang='lat' dir='ltr'><em>hac</em></span> <span class='ocrx_word' id='word_1_99' title='bbox 1096 804 1213 844; x_wconf 81' lang='lat' dir='ltr'><em>nocte</em></span> <span class='ocrx_word' id='word_1_100' title='bbox 1242 801 1368 844; x_wconf 62' lang='lat' dir='ltr'><em>iuncta</em></span> <span class='ocrx_word' id='word_1_101' title='bbox 1398 801 1558 844; x_wconf 84' lang='lat' dir='ltr'><em>dietum</em></span> <span class='ocrx_word' id='word_1_102' title='bbox 1588 801 1769 855; x_wconf 80' lang='lat' dir='ltr'><em>apostoli</em></span> <span class='ocrx_word' id='word_1_103' title='bbox 1783 799 1833 854; x_wconf 72' lang='lat'><em>²⁸,</em></span> <span class='ocrx_word' id='word_1_104' title='bbox 1866 804 1915 845; x_wconf 90' lang='lat' dir='ltr'><em>vi</em></span> <span class='ocrx_word' id='word_1_105' title='bbox 1920 802 1991 857; x_wconf 84' lang='lat' dir='ltr'><em>9i-</em></span> 
     </span>
     <span class='ocr_line' id='line_1_10' title="bbox 63 868 1996 926; baseline -0.001 -10"><span class='ocrx_word' id='word_1_106' title='bbox 63 868 192 925; x_wconf 60' lang='lat' dir='ltr'><em>late,</em></span> <span class='ocrx_word' id='word_1_107' title='bbox 223 874 355 914; x_wconf 83' lang='lat' dir='ltr'><em>state</em></span> <span class='ocrx_word' id='word_1_108' title='bbox 382 871 440 914; x_wconf 79' lang='lat' dir='ltr'><em>in</em></span> <span class='ocrx_word' id='word_1_109' title='bbox 466 870 637 925; x_wconf 75' lang='lat' dir='ltr'><em>fidem,</em></span> <span class='ocrx_word' id='word_1_110' title='bbox 669 873 867 916; x_wconf 78' lang='lat' dir='ltr'><em>omnia¹¹</em></span> <span class='ocrx_word' id='word_1_111' title='bbox 899 876 1070 916; x_wconf 87' lang='lat' dir='ltr'><em>vestra</em></span> <span class='ocrx_word' id='word_1_112' title='bbox 1098 872 1237 925; x_wconf 81' lang='lat' dir='ltr'><em>fiant</em></span> <span class='ocrx_word' id='word_1_113' title='bbox 1264 872 1323 915; x_wconf 77' lang='lat' dir='ltr'><em>iri</em></span> <span class='ocrx_word' id='word_1_114' title='bbox 1353 874 1585 916; x_wconf 82' lang='lat' dir='ltr'><em>caritate.</em></span> <span class='ocrx_word' id='word_1_115' title='bbox 1639 877 1763 916; x_wconf 84' lang='lat' dir='ltr'><em>cras⁰</em></span> <span class='ocrx_word' id='word_1_116' title='bbox 1783 873 1900 915; x_wconf 85' lang='lat' dir='ltr'><em>ibitis</em></span> <span class='ocrx_word' id='word_1_117' title='bbox 1915 886 1996 926; x_wconf 80' lang='lat' dir='ltr'><em>per</em></span> 
     </span>
     <span class='ocr_line' id='line_1_11' title="bbox 70 941 1996 998; baseline -0.001 -9"><span class='ocrx_word' id='word_1_118' title='bbox 70 941 162 989; x_wconf 72' lang='lat' dir='ltr'><em>low</em></span> <span class='ocrx_word' id='word_1_119' title='bbox 190 942 241 986; x_wconf 80' lang='lat' dir='ltr'><em>in</em></span> <span class='ocrx_word' id='word_1_120' title='bbox 270 942 374 986; x_wconf 82' lang='lat' dir='ltr'><em>urbe</em></span> <span class='ocrx_word' id='word_1_121' title='bbox 402 941 484 986; x_wconf 75' lang='lat' dir='ltr'><em>hac</em></span> <span class='ocrx_word' id='word_1_122' title='bbox 511 947 662 986; x_wconf 81' lang='lat' dir='ltr'><em>sancta</em></span> <span class='ocrx_word' id='word_1_123' title='bbox 674 941 723 996; x_wconf 75' lang='lat'><em>²⁹,</em></span> <span class='ocrx_word' id='word_1_124' title='bbox 756 943 1004 998; x_wconf 73' lang='lat' dir='ltr'><em>adlliyentes</em></span> <span class='ocrx_word' id='word_1_125' title='bbox 1033 956 1104 987; x_wconf 84' lang='lat' dir='ltr'><em>vos</em></span> <span class='ocrx_word' id='word_1_126' title='bbox 1134 947 1172 987; x_wconf 90' lang='lat' dir='ltr'><em>et</em></span> <span class='ocrx_word' id='word_1_127' title='bbox 1201 944 1474 987; x_wconf 78' lang='lat' dir='ltr'><em>humiliantes</em></span> <span class='ocrx_word' id='word_1_128' title='bbox 1496 943 1681 997; x_wconf 79' lang='lat' dir='ltr'><em>pedibus</em></span> <span class='ocrx_word' id='word_1_129' title='bbox 1717 944 1894 987; x_wconf 78' lang='lat' dir='ltr'><em>nudatis</em></span> <span class='ocrx_word' id='word_1_130' title='bbox 1930 948 1996 987; x_wconf 82' lang='lat' dir='ltr'><em>etP</em></span> 
     </span>
     <span class='ocr_line' id='line_1_12' title="bbox 0 1010 1997 1069; baseline 0 -10"><span class='ocrx_word' id='word_1_131' title='bbox 0 1062 1 1067; x_wconf 64' lang='lat'>,</span> <span class='ocrx_word' id='word_1_132' title='bbox 63 1010 305 1059; x_wconf 69' lang='lat' dir='ltr'><em>⁴Dominum</em></span> <span class='ocrx_word' id='word_1_133' title='bbox 334 1013 507 1058; x_wconf 64' lang='lat' dir='ltr'><em>Deumq</em></span> <span class='ocrx_word' id='word_1_134' title='bbox 527 1017 606 1068; x_wconf 75' lang='lat' dir='ltr'><em>pie</em></span> <span class='ocrx_word' id='word_1_135' title='bbox 636 1014 940 1069; x_wconf 71' lang='lat' dir='ltr'><em>deprecantesr‚</em></span> <span class='ocrx_word' id='word_1_136' title='bbox 972 1019 1019 1058; x_wconf 91' lang='lat' dir='ltr'><em>ut</em></span> <span class='ocrx_word' id='word_1_137' title='bbox 1049 1017 1100 1059; x_wconf 91' lang='lat' dir='ltr'><em>de</em></span> <span class='ocrx_word' id='word_1_138' title='bbox 1129 1016 1327 1059; x_wconf 82' lang='lat' dir='ltr'><em>manibus</em></span> <span class='ocrx_word' id='word_1_139' title='bbox 1357 1016 1626 1060; x_wconf 82' lang='lat' dir='ltr'><em>inimieorum</em></span> <span class='ocrx_word' id='word_1_140' title='bbox 1661 1022 1861 1060; x_wconf 79' lang='lat' dir='ltr'><em>suorum⁸</em></span> <span class='ocrx_word' id='word_1_141' title='bbox 1897 1017 1997 1059; x_wconf 70' lang='lat' dir='ltr'><em>‘ows-t</em></span> 
     </span>
     <span class='ocr_line' id='line_1_13' title="bbox 70 1082 1995 1142; baseline 0 -11"><span class='ocrx_word' id='word_1_142' title='bbox 70 1084 227 1131; x_wconf 67' lang='lat' dir='ltr'><em>b&#39;oeret.</em></span> <span class='ocrx_word' id='word_1_143' title='bbox 290 1082 390 1142; x_wconf 82' lang='lat' dir='ltr'><em>[lo]</em></span> <span class='ocrx_word' id='word_1_144' title='bbox 422 1099 494 1141; x_wconf 77' lang='lat' dir='ltr'><em>eyo</em></span> <span class='ocrx_word' id='word_1_145' title='bbox 525 1086 616 1140; x_wconf 73' lang='lat' dir='ltr'><em>ipse</em></span> <span class='ocrx_word' id='word_1_146' title='bbox 645 1087 735 1130; x_wconf 89' lang='lat' dir='ltr'><em>iam</em></span> <span class='ocrx_word' id='word_1_147' title='bbox 766 1087 870 1130; x_wconf 84' lang='lat' dir='ltr'><em>illuc</em></span> <span class='ocrx_word' id='word_1_148' title='bbox 899 1087 1007 1130; x_wconf 86' lang='lat' dir='ltr'><em>vado</em></span> <span class='ocrx_word' id='word_1_149' title='bbox 1014 1106 1029 1139; x_wconf 91' lang='lat'><em>;</em></span> <span class='ocrx_word' id='word_1_150' title='bbox 1058 1088 1348 1142; x_wconf 71' lang='lat' dir='ltr'><em>iamiamqueu</em></span> <span class='ocrx_word' id='word_1_151' title='bbox 1378 1101 1406 1130; x_wconf 89' lang='grc' dir='ltr'><strong><em>α</em></strong></span> <span class='ocrx_word' id='word_1_152' title='bbox 1436 1088 1550 1130; x_wconf 83' lang='lat' dir='ltr'><em>vobis</em></span> <span class='ocrx_word' id='word_1_153' title='bbox 1581 1087 1758 1137; x_wconf 82' lang='lat' dir='ltr'><em>discedo,</em></span> <span class='ocrx_word' id='word_1_154' title='bbox 1796 1093 1995 1131; x_wconf 70' lang='lat' dir='ltr'><em>monensv</em></span> 
     </span>
     <span class='ocr_line' id='line_1_14' title="bbox 67 1156 1993 1213; baseline 0 -11"><span class='ocrx_word' id='word_1_155' title='bbox 67 1159 132 1209; x_wconf 69' lang='lat' dir='ltr'><em>itt,</em></span> <span class='ocrx_word' id='word_1_156' title='bbox 160 1158 202 1200; x_wconf 75' lang='lat' dir='ltr'><em>si</em></span> <span class='ocrx_word' id='word_1_157' title='bbox 232 1159 329 1211; x_wconf 77' lang='lat' dir='ltr'><em>quis</em></span> <span class='ocrx_word' id='word_1_158' title='bbox 358 1171 410 1200; x_wconf 79' lang='lat' dir='ltr'><em>ex</em></span> <span class='ocrx_word' id='word_1_159' title='bbox 438 1156 553 1201; x_wconf 79' lang='lat' dir='ltr'><em>vobis</em></span> <span class='ocrx_word' id='word_1_160' title='bbox 581 1157 650 1200; x_wconf 80' lang='lat' dir='ltr'><em>hic</em></span> <span class='ocrx_word' id='word_1_161' title='bbox 679 1158 916 1201; x_wconf 57' lang='lat' dir='ltr'><em>residuus*</em></span> <span class='ocrx_word' id='word_1_162' title='bbox 947 1173 1071 1202; x_wconf 89' lang='lat' dir='ltr'><em>arma</em></span> <span class='ocrx_word' id='word_1_163' title='bbox 1099 1158 1218 1212; x_wconf 84' lang='lat' dir='ltr'><em>ferre</em></span> <span class='ocrx_word' id='word_1_164' title='bbox 1247 1159 1396 1210; x_wconf 84' lang='lat' dir='ltr'><em>valet¹,</em></span> <span class='ocrx_word' id='word_1_165' title='bbox 1429 1173 1589 1202; x_wconf 85' lang='lat' dir='ltr'><em>mecum</em></span> <span class='ocrx_word' id='word_1_166' title='bbox 1603 1163 1820 1213; x_wconf 78' lang='lat' dir='ltr'><em>promptey</em></span> <span class='ocrx_word' id='word_1_167' title='bbox 1840 1160 1993 1203; x_wconf 79' lang='lat' dir='ltr'><em>veniat.</em></span> 
     </span>
     <span class='ocr_line' id='line_1_15' title="bbox 63 1228 1994 1286; baseline 0.002 -15"><span class='ocrx_word' id='word_1_168' title='bbox 63 1240 147 1272; x_wconf 62' lang='lat' dir='ltr'><em>rec</em></span> <span class='ocrx_word' id='word_1_169' title='bbox 185 1228 300 1271; x_wconf 79' lang='lat' dir='ltr'><em>enim</em></span> <span class='ocrx_word' id='word_1_170' title='bbox 336 1229 599 1272; x_wconf 75' lang='lat' dir='ltr'><em>hominibusz</em></span> <span class='ocrx_word' id='word_1_171' title='bbox 642 1230 814 1285; x_wconf 73' lang='lat' dir='ltr'><em>indiqet.</em></span> <span class='ocrx_word' id='word_1_172' title='bbox 877 1228 978 1286; x_wconf 88' lang='lat' dir='ltr'><em>[ll]</em></span> <span class='ocrx_word' id='word_1_173' title='bbox 1010 1234 1106 1274; x_wconf 72' lang='lat' dir='ltr'><em>ut⁸⁸</em></span> <span class='ocrx_word' id='word_1_174' title='bbox 1142 1232 1248 1286; x_wconf 89' lang='lat' dir='ltr'><em>quid</em></span> <span class='ocrx_word' id='word_1_175' title='bbox 1279 1232 1378 1286; x_wconf 92' lang='lat' dir='ltr'><em>plus</em></span> <span class='ocrx_word' id='word_1_176' title='bbox 1408 1234 1583 1275; x_wconf 75' lang='lat' dir='ltr'><em>moror?</em></span> <span class='ocrx_word' id='word_1_177' title='bbox 1645 1230 1994 1275; x_wconf 72' lang='lat' dir='ltr'><em>conscenduntbb</em></span> 
     </span>
     <span class='ocr_line' id='line_1_16' title="bbox 68 1296 1994 1357; baseline 0.002 -13"><span class='ocrx_word' id='word_1_178' title='bbox 68 1296 117 1345; x_wconf 78' lang='lat' dir='ltr'><em>in</em></span> <span class='ocrx_word' id='word_1_179' title='bbox 146 1313 284 1357; x_wconf 91' lang='lat' dir='ltr'><em>equos</em></span> <span class='ocrx_word' id='word_1_180' title='bbox 313 1301 617 1356; x_wconf 68' lang='lat' dir='ltr'><em>fueruntqueoe</em></span> <span class='ocrx_word' id='word_1_181' title='bbox 648 1302 775 1345; x_wconf 90' lang='lat' dir='ltr'><em>simul</em></span> <span class='ocrx_word' id='word_1_182' title='bbox 804 1301 872 1345; x_wconf 88' lang='lat' dir='ltr'><em>CL</em></span> <span class='ocrx_word' id='word_1_183' title='bbox 902 1305 994 1345; x_wconf 79' lang='lat' dir='ltr'><em>tam</em></span> <span class='ocrx_word' id='word_1_184' title='bbox 1025 1303 1194 1357; x_wconf 86' lang='lat' dir='ltr'><em>equites</em></span> <span class='ocrx_word' id='word_1_185' title='bbox 1226 1316 1360 1357; x_wconf 80' lang='lat' dir='ltr'><em>quam</em></span> <span class='ocrx_word' id='word_1_186' title='bbox 1391 1303 1560 1357; x_wconf 83' lang='lat' dir='ltr'><em>pedites</em></span> <span class='ocrx_word' id='word_1_187' title='bbox 1570 1300 1619 1354; x_wconf 79' lang='lat'><em>⁸⁰,</em></span> <span class='ocrx_word' id='word_1_188' title='bbox 1652 1306 1696 1346; x_wconf 91' lang='lat' dir='ltr'><em>et</em></span> <span class='ocrx_word' id='word_1_189' title='bbox 1726 1300 1836 1346; x_wconf 78' lang='lat' dir='ltr'><em>itadd</em></span> <span class='ocrx_word' id='word_1_190' title='bbox 1867 1307 1994 1347; x_wconf 84' lang='lat' dir='ltr'><em>nocte</em></span> 
     </span>
    </p>
   </div>
   <div class='ocr_carea' id='block_1_3' title="bbox 67 1407 1996 2022">
    <p class='ocr_par' dir='ltr' id='par_1_3' title="bbox 67 1407 1996 2022">
     <span class='ocr_line' id='line_1_17' title="bbox 165 1407 1994 1453; baseline 0.002 -12"><span class='ocrx_word' id='word_1_191' title='bbox 165 1411 187 1433; x_wconf 80' lang='lat'>⁸</span> <span class='ocrx_word' id='word_1_192' title='bbox 216 1408 410 1442; x_wconf 73' lang='lat' dir='ltr'><em>certissime</em></span> <span class='ocrx_word' id='word_1_193' title='bbox 441 1409 670 1450; x_wconf 65' lang='grc' dir='ltr'><em>ΑΒι-οιοιιβ.</em></span> <span class='ocrx_word' id='word_1_194' title='bbox 708 1426 747 1432; x_wconf 93' lang='grc'><strong>-</strong></span> <span class='ocrx_word' id='word_1_195' title='bbox 788 1407 808 1434; x_wconf 85' lang='lat' dir='ltr'><em>b</em></span> <span class='ocrx_word' id='word_1_196' title='bbox 828 1408 1070 1452; x_wconf 79' lang='lat' dir='ltr'><em>proculdubio</em></span> <span class='ocrx_word' id='word_1_197' title='bbox 1099 1409 1295 1443; x_wconf 75' lang='lat' dir='ltr'><em>didicimus</em></span> <span class='ocrx_word' id='word_1_198' title='bbox 1322 1409 1424 1443; x_wconf 81' lang='lat' dir='ltr'><em>nobis</em></span> <span class='ocrx_word' id='word_1_199' title='bbox 1452 1409 1547 1444; x_wconf 85' lang='lat' dir='ltr'><em>illud</em></span> <span class='ocrx_word' id='word_1_200' title='bbox 1578 1419 1651 1443; x_wconf 81' lang='lat' dir='ltr'><em>esse</em></span> <span class='ocrx_word' id='word_1_201' title='bbox 1679 1414 1854 1453; x_wconf 81' lang='lat' dir='ltr'><em>paratum</em></span> <span class='ocrx_word' id='word_1_202' title='bbox 1880 1420 1913 1444; x_wconf 77' lang='lat' dir='ltr'><em>x.</em></span> <span class='ocrx_word' id='word_1_203' title='bbox 1948 1430 1994 1436; x_wconf 92' lang='lat'><em>—-</em></span> 
     </span>
     <span class='ocr_line' id='line_1_18' title="bbox 81 1452 1995 1502; baseline 0.002 -13.045"><span class='ocrx_word' id='word_1_204' title='bbox 81 1452 179 1489; x_wconf 77' lang='lat' dir='ltr'><em>Dei</em></span> <span class='ocrx_word' id='word_1_205' title='bbox 201 1456 432 1498; x_wconf 72' lang='grc' dir='ltr'><em>ΑΒι-αιοιιβ.</em></span> <span class='ocrx_word' id='word_1_206' title='bbox 471 1474 516 1479; x_wconf 90' lang='grc'><strong>-</strong></span> <span class='ocrx_word' id='word_1_207' title='bbox 553 1454 574 1482; x_wconf 83' lang='lat' dir='ltr'>d</span> <span class='ocrx_word' id='word_1_208' title='bbox 593 1457 712 1500; x_wconf 79' lang='lat' dir='ltr'><em>ipsius</em></span> <span class='ocrx_word' id='word_1_209' title='bbox 735 1466 767 1496; x_wconf 86' lang='lat'><em>1;</em></span> <span class='ocrx_word' id='word_1_210' title='bbox 795 1457 908 1500; x_wconf 71' lang='lat' dir='ltr'><em>iqitur</em></span> <span class='ocrx_word' id='word_1_211' title='bbox 931 1457 1050 1499; x_wconf 77' lang='lat' dir='ltr'><em>ipsius</em></span> <span class='ocrx_word' id='word_1_212' title='bbox 1074 1457 1288 1499; x_wconf 55' lang='lat' dir='ltr'><em>mareon&amp;</em></span> <span class='ocrx_word' id='word_1_213' title='bbox 1324 1458 1439 1500; x_wconf 75' lang='lat' dir='ltr'><em>iyitur</em></span> <span class='ocrx_word' id='word_1_214' title='bbox 1467 1458 1526 1490; x_wconf 87' lang='lat' dir='ltr'><em>dei</em></span> <span class='ocrx_word' id='word_1_215' title='bbox 1550 1468 1582 1491; x_wconf 75' lang='lat' dir='ltr'><em>x.</em></span> <span class='ocrx_word' id='word_1_216' title='bbox 1622 1474 1664 1480; x_wconf 91' lang='lat'><strong>—</strong></span> <span class='ocrx_word' id='word_1_217' title='bbox 1702 1461 1780 1491; x_wconf 78' lang='lat' dir='ltr'><em>eet</em></span> <span class='ocrx_word' id='word_1_218' title='bbox 1808 1459 1995 1502; x_wconf 73' lang='lat' dir='ltr'><em>ptopitius</em></span> 
     </span>
     <span class='ocr_line' id='line_1_19' title="bbox 69 1500 1994 1549; baseline 0.001 -12.032"><span class='ocrx_word' id='word_1_219' title='bbox 69 1503 382 1545; x_wconf 69' lang='lat' dir='ltr'><em>tro1onB.-</em></span> <span class='ocrx_word' id='word_1_220' title='bbox 419 1500 593 1544; x_wconf 59' lang='lat' dir='ltr'><em>‘bellom</em></span> <span class='ocrx_word' id='word_1_221' title='bbox 618 1502 733 1537; x_wconf 83' lang='lat' dir='ltr'><em>adscr.</em></span> <span class='ocrx_word' id='word_1_222' title='bbox 756 1503 874 1547; x_wconf 81' lang='lat' dir='ltr'><em>prelio</em></span> <span class='ocrx_word' id='word_1_223' title='bbox 898 1502 936 1538; x_wconf 91' lang='lat' dir='ltr'><em>in</em></span> <span class='ocrx_word' id='word_1_224' title='bbox 962 1503 1126 1548; x_wconf 81' lang='lat' dir='ltr'><em>margine</em></span> <span class='ocrx_word' id='word_1_225' title='bbox 1163 1514 1197 1538; x_wconf 78' lang='lat' dir='ltr'><em>R.</em></span> <span class='ocrx_word' id='word_1_226' title='bbox 1232 1522 1276 1528; x_wconf 98' lang='lat'><strong>—</strong></span> <span class='ocrx_word' id='word_1_227' title='bbox 1313 1509 1335 1536; x_wconf 76' lang='grc'><strong>8</strong></span> <span class='ocrx_word' id='word_1_228' title='bbox 1363 1514 1436 1538; x_wconf 90' lang='lat' dir='ltr'><em>om.</em></span> <span class='ocrx_word' id='word_1_229' title='bbox 1471 1515 1538 1539; x_wconf 74' lang='lat' dir='ltr'><em>rex</em></span> <span class='ocrx_word' id='word_1_230' title='bbox 1569 1506 1600 1547; x_wconf 91' lang='grc' dir='ltr'><em>β.</em></span> <span class='ocrx_word' id='word_1_231' title='bbox 1640 1523 1684 1528; x_wconf 90' lang='lat'><em>-</em></span> <span class='ocrx_word' id='word_1_232' title='bbox 1722 1503 1745 1530; x_wconf 81' lang='lat'><em>11</em></span> <span class='ocrx_word' id='word_1_233' title='bbox 1773 1505 1994 1549; x_wconf 73' lang='lat' dir='ltr'><em>breviyerum</em></span> 
     </span>
     <span class='ocr_line' id='line_1_20' title="bbox 113 1531 1995 1597; baseline 0.002 -13.027"><span class='ocrx_word' id='word_1_234' title='bbox 113 1551 336 1594; x_wconf 14' lang='grc' dir='ltr'><em>Ὓῐαιιοιιβ</em></span> <span class='ocrx_word' id='word_1_235' title='bbox 361 1568 406 1574; x_wconf 91' lang='grc'><strong>-</strong></span> <span class='ocrx_word' id='word_1_236' title='bbox 434 1531 644 1584; x_wconf 73' lang='lat' dir='ltr'><em>iintimdvit</em></span> <span class='ocrx_word' id='word_1_237' title='bbox 668 1561 701 1585; x_wconf 73' lang='lat' dir='ltr'><em>x.</em></span> <span class='ocrx_word' id='word_1_238' title='bbox 737 1568 778 1575; x_wconf 92' lang='lat'><strong>—</strong></span> <span class='ocrx_word' id='word_1_239' title='bbox 812 1549 834 1577; x_wconf 84' lang='lat' dir='ltr'>k</span> <span class='ocrx_word' id='word_1_240' title='bbox 853 1562 877 1585; x_wconf 88' lang='lat' dir='ltr'><strong><em>a</em></strong></span> <span class='ocrx_word' id='word_1_241' title='bbox 901 1552 1054 1587; x_wconf 82' lang='lat' dir='ltr'><em>mortuis</em></span> <span class='ocrx_word' id='word_1_242' title='bbox 1077 1554 1281 1586; x_wconf 74' lang='lat' dir='ltr'><em>resurrexit</em></span> <span class='ocrx_word' id='word_1_243' title='bbox 1305 1552 1459 1594; x_wconf 72' lang='grc' dir='ltr'><em>ειικδμ.</em></span> <span class='ocrx_word' id='word_1_244' title='bbox 1499 1571 1538 1576; x_wconf 96' lang='grc'>-</span> <span class='ocrx_word' id='word_1_245' title='bbox 1577 1551 1710 1586; x_wconf 81' lang='lat' dir='ltr'><em>lnobis</em></span> <span class='ocrx_word' id='word_1_246' title='bbox 1735 1554 1930 1597; x_wconf 79' lang='lat' dir='ltr'><em>mandavit,</em></span> <span class='ocrx_word' id='word_1_247' title='bbox 1953 1558 1995 1588; x_wconf 85' lang='lat' dir='ltr'><em>ut</em></span> 
     </span>
     <span class='ocr_line' id='line_1_21' title="bbox 77 1597 1995 1643; baseline 0.002 -11"><span class='ocrx_word' id='word_1_248' title='bbox 77 1632 91 1643; x_wconf 46' lang='lat' dir='ltr'>fl</span> <span class='ocrx_word' id='word_1_249' title='bbox 124 1617 149 1626; x_wconf 50' lang='grc' dir='ltr'>ω</span> <span class='ocrx_word' id='word_1_250' title='bbox 193 1597 326 1632; x_wconf 74' lang='lat' dir='ltr'><em>ocilieet</em></span> <span class='ocrx_word' id='word_1_251' title='bbox 360 1598 419 1632; x_wconf 79' lang='lat' dir='ltr'><em>die</em></span> <span class='ocrx_word' id='word_1_252' title='bbox 451 1597 644 1639; x_wconf 79' lang='lat' dir='ltr'><em>dominica,</em></span> <span class='ocrx_word' id='word_1_253' title='bbox 682 1609 754 1642; x_wconf 75' lang='lat' dir='ltr'><em>qua</em></span> <span class='ocrx_word' id='word_1_254' title='bbox 791 1600 994 1633; x_wconf 75' lang='lat' dir='ltr'><em>resurrexit</em></span> <span class='ocrx_word' id='word_1_255' title='bbox 1029 1598 1120 1642; x_wconf 71' lang='lat' dir='ltr'><em>[suri</em></span> <span class='ocrx_word' id='word_1_256' title='bbox 1123 1601 1204 1633; x_wconf 55' lang='lat' dir='ltr'><em>exit</em></span> <span class='ocrx_word' id='word_1_257' title='bbox 1242 1598 1338 1643; x_wconf 72' lang='lat' dir='ltr'>GRB]</span> <span class='ocrx_word' id='word_1_258' title='bbox 1377 1599 1546 1634; x_wconf 77' lang='lat' dir='ltr'><em>Christus</em></span> <span class='ocrx_word' id='word_1_259' title='bbox 1585 1611 1607 1633; x_wconf 82' lang='lat' dir='ltr'><em>a</em></span> <span class='ocrx_word' id='word_1_260' title='bbox 1641 1603 1794 1634; x_wconf 69' lang='lat' dir='ltr'><em>mortuis</em></span> <span class='ocrx_word' id='word_1_261' title='bbox 1829 1602 1995 1635; x_wconf 81' lang='lat' dir='ltr'><em>securius</em></span> 
     </span>
     <span class='ocr_line' id='line_1_22' title="bbox 67 1644 1996 1691; baseline 0.004 -16"><span class='ocrx_word' id='word_1_262' title='bbox 67 1645 74 1676; x_wconf 56' lang='lat' dir='ltr'><em>l</em></span> <span class='ocrx_word' id='word_1_263' title='bbox 116 1665 141 1673; x_wconf 68' lang='lat'><em>..</em></span> <span class='ocrx_word' id='word_1_264' title='bbox 223 1671 227 1675; x_wconf 95' lang='lat'><em>.</em></span> <span class='ocrx_word' id='word_1_265' title='bbox 258 1644 292 1688; x_wconf 79' lang='lat' dir='ltr'><em>u]</em></span> <span class='ocrx_word' id='word_1_266' title='bbox 323 1645 533 1690; x_wconf 57' lang='lat' dir='ltr'><em>prodicium</em></span> <span class='ocrx_word' id='word_1_267' title='bbox 568 1656 647 1680; x_wconf 87' lang='lat' dir='ltr'><em>cum</em></span> <span class='ocrx_word' id='word_1_268' title='bbox 681 1646 788 1679; x_wconf 84' lang='lat' dir='ltr'><em>etiam</em></span> <span class='ocrx_word' id='word_1_269' title='bbox 818 1645 1042 1681; x_wconf 76' lang='lat' dir='ltr'><em>orationibus</em></span> <span class='ocrx_word' id='word_1_270' title='bbox 1071 1649 1208 1681; x_wconf 76' lang='lat' dir='ltr'><em>nostris</em></span> <span class='ocrx_word' id='word_1_271' title='bbox 1233 1650 1264 1680; x_wconf 86' lang='lat' dir='ltr'><em>et</em></span> <span class='ocrx_word' id='word_1_272' title='bbox 1289 1647 1518 1690; x_wconf 71' lang='lat' dir='ltr'><em>eleemosynis</em></span> <span class='ocrx_word' id='word_1_273' title='bbox 1541 1648 1641 1691; x_wconf 83' lang='lat' dir='ltr'><em>apud</em></span> <span class='ocrx_word' id='word_1_274' title='bbox 1665 1648 1781 1682; x_wconf 81' lang='lat' dir='ltr'><em>Deum</em></span> <span class='ocrx_word' id='word_1_275' title='bbox 1805 1648 1996 1683; x_wconf 81' lang='lat' dir='ltr'><em>roboratus</em></span> 
     </span>
     <span class='ocr_line' id='line_1_23' title="bbox 74 1692 1995 1739; baseline 0.002 -13"><span class='ocrx_word' id='word_1_276' title='bbox 74 1695 98 1705; x_wconf 84' lang='lat'><em>&#39;&#39;</em></span> <span class='ocrx_word' id='word_1_277' title='bbox 124 1702 129 1718; x_wconf 71' lang='lat'>1</span> <span class='ocrx_word' id='word_1_278' title='bbox 185 1694 227 1726; x_wconf 68' lang='lat' dir='ltr'><em>in</em></span> <span class='ocrx_word' id='word_1_279' title='bbox 259 1692 390 1737; x_wconf 61' lang='lat' dir='ltr'><em>quibua</em></span> <span class='ocrx_word' id='word_1_280' title='bbox 421 1694 512 1727; x_wconf 72' lang='lat' dir='ltr'><em>satis</em></span> <span class='ocrx_word' id='word_1_281' title='bbox 547 1693 631 1736; x_wconf 89' lang='lat' dir='ltr'><em>[om.</em></span> <span class='ocrx_word' id='word_1_282' title='bbox 657 1695 748 1727; x_wconf 78' lang='lat' dir='ltr'><em>satis</em></span> <span class='ocrx_word' id='word_1_283' title='bbox 773 1693 796 1736; x_wconf 84' lang='grc' dir='ltr'><em>ι]</em></span> <span class='ocrx_word' id='word_1_284' title='bbox 822 1693 976 1736; x_wconf 77' lang='lat' dir='ltr'><em>confidit.</em></span> <span class='ocrx_word' id='word_1_285' title='bbox 1009 1698 1229 1738; x_wconf 71' lang='lat' dir='ltr'><em>quapropter</em></span> <span class='ocrx_word' id='word_1_286' title='bbox 1262 1695 1496 1736; x_wconf 68' lang='lat' dir='ltr'><em>Anselonss.</em></span> <span class='ocrx_word' id='word_1_287' title='bbox 1531 1713 1577 1719; x_wconf 92' lang='lat'>—</span> <span class='ocrx_word' id='word_1_288' title='bbox 1610 1701 1644 1720; x_wconf 83' lang='lat'><em>¹1²</em></span> <span class='ocrx_word' id='word_1_289' title='bbox 1668 1697 1710 1728; x_wconf 84' lang='lat' dir='ltr'><em>in</em></span> <span class='ocrx_word' id='word_1_290' title='bbox 1731 1695 1812 1739; x_wconf 79' lang='lat' dir='ltr'><em>fide,</em></span> <span class='ocrx_word' id='word_1_291' title='bbox 1837 1697 1995 1730; x_wconf 81' lang='lat' dir='ltr'><em>viriliter</em></span> 
     </span>
     <span class='ocr_line' id='line_1_24' title="bbox 68 1740 1994 1785; baseline 0.002 -11"><span class='ocrx_word' id='word_1_292' title='bbox 68 1756 72 1765; x_wconf 81' lang='lat'>=</span> <span class='ocrx_word' id='word_1_293' title='bbox 190 1743 224 1774; x_wconf 70' lang='lat' dir='ltr'><em>et</em></span> <span class='ocrx_word' id='word_1_294' title='bbox 247 1740 506 1784; x_wconf 71' lang='lat' dir='ltr'><em>confortamini</em></span> <span class='ocrx_word' id='word_1_295' title='bbox 530 1751 563 1774; x_wconf 80' lang='lat' dir='ltr'><em>x.</em></span> <span class='ocrx_word' id='word_1_296' title='bbox 588 1759 634 1765; x_wconf 97' lang='lat'><strong>—</strong></span> <span class='ocrx_word' id='word_1_297' title='bbox 660 1746 682 1767; x_wconf 84' lang='lat'><em>¹1</em></span> <span class='ocrx_word' id='word_1_298' title='bbox 702 1742 975 1784; x_wconf 67' lang='lat' dir='ltr'><em>etur-mone.</em></span> <span class='ocrx_word' id='word_1_299' title='bbox 1003 1759 1047 1766; x_wconf 90' lang='lat'>—</span> <span class='ocrx_word' id='word_1_300' title='bbox 1073 1747 1093 1768; x_wconf 90' lang='lat'><strong>0</strong></span> <span class='ocrx_word' id='word_1_301' title='bbox 1112 1752 1262 1785; x_wconf 78' lang='lat' dir='ltr'><em>erasque</em></span> <span class='ocrx_word' id='word_1_302' title='bbox 1278 1743 1506 1785; x_wconf 72' lang='lat' dir='ltr'><em>Anselonss.</em></span> <span class='ocrx_word' id='word_1_303' title='bbox 1532 1761 1577 1766; x_wconf 92' lang='lat'>—</span> <span class='ocrx_word' id='word_1_304' title='bbox 1602 1748 1623 1775; x_wconf 77' lang='grc' dir='ltr'>Ρ</span> <span class='ocrx_word' id='word_1_305' title='bbox 1642 1746 1682 1776; x_wconf 84' lang='lat' dir='ltr'><em>ut</em></span> <span class='ocrx_word' id='word_1_306' title='bbox 1707 1753 1740 1777; x_wconf 94' lang='grc' dir='ltr'>ο.</span> <span class='ocrx_word' id='word_1_307' title='bbox 1770 1762 1808 1767; x_wconf 97' lang='grc'><strong>-</strong></span> <span class='ocrx_word' id='word_1_308' title='bbox 1837 1749 1858 1775; x_wconf 79' lang='lat' dir='ltr'>q</span> <span class='ocrx_word' id='word_1_309' title='bbox 1878 1744 1994 1778; x_wconf 85' lang='lat' dir='ltr'><em>Deum</em></span> 
     </span>
     <span class='ocr_line' id='line_1_25' title="bbox 72 1787 1993 1833; baseline 0.002 -11"><span class='ocrx_word' id='word_1_310' title='bbox 72 1824 79 1828; x_wconf 65' lang='grc'><strong>,</strong></span> <span class='ocrx_word' id='word_1_311' title='bbox 262 1787 358 1831; x_wconf 86' lang='grc' dir='ltr'>ιιδμ.</span> <span class='ocrx_word' id='word_1_312' title='bbox 387 1806 429 1812; x_wconf 96' lang='grc'>-</span> <span class='ocrx_word' id='word_1_313' title='bbox 453 1793 470 1814; x_wconf 78' lang='lat'>1</span> <span class='ocrx_word' id='word_1_314' title='bbox 494 1788 610 1823; x_wconf 82' lang='lat' dir='ltr'><em>Deum</em></span> <span class='ocrx_word' id='word_1_315' title='bbox 634 1789 849 1832; x_wconf 78' lang='lat' dir='ltr'><em>suppliciter</em></span> <span class='ocrx_word' id='word_1_316' title='bbox 866 1793 1056 1823; x_wconf 73' lang='lat' dir='ltr'><em>exorantes</em></span> <span class='ocrx_word' id='word_1_317' title='bbox 1071 1791 1299 1832; x_wconf 66' lang='grc' dir='ltr'><em>ΑΒι-οιοιιβ.</em></span> <span class='ocrx_word' id='word_1_318' title='bbox 1329 1809 1373 1814; x_wconf 90' lang='grc'><strong>-</strong></span> <span class='ocrx_word' id='word_1_319' title='bbox 1399 1796 1414 1816; x_wconf 74' lang='lat'>³</span> <span class='ocrx_word' id='word_1_320' title='bbox 1437 1794 1645 1825; x_wconf 76' lang='lat' dir='ltr'><em>nostrorum</em></span> <span class='ocrx_word' id='word_1_321' title='bbox 1662 1791 1757 1833; x_wconf 74' lang='grc' dir='ltr'>Εδμ.</span> <span class='ocrx_word' id='word_1_322' title='bbox 1787 1809 1826 1814; x_wconf 95' lang='grc'>-</span> <span class='ocrx_word' id='word_1_323' title='bbox 1856 1793 1868 1817; x_wconf 84' lang='lat' dir='ltr'><em>t</em></span> <span class='ocrx_word' id='word_1_324' title='bbox 1894 1802 1954 1825; x_wconf 83' lang='lat' dir='ltr'><em>vos</em></span> <span class='ocrx_word' id='word_1_325' title='bbox 1970 1803 1993 1826; x_wconf 89' lang='lat'><em>1.</em></span> 
     </span>
     <span class='ocr_line' id='line_1_26' title="bbox 89 1835 1994 1882; baseline 0.002 -13"><span class='ocrx_word' id='word_1_326' title='bbox 89 1877 94 1880; x_wconf 18' lang='grc' dir='ltr'>ἱ</span> <span class='ocrx_word' id='word_1_327' title='bbox 134 1840 178 1882; x_wconf 20' lang='grc'><em>,11</em></span> <span class='ocrx_word' id='word_1_328' title='bbox 194 1844 269 1870; x_wconf 88' lang='lat' dir='ltr'><em>om.</em></span> <span class='ocrx_word' id='word_1_329' title='bbox 286 1845 353 1880; x_wconf 67' lang='lat' dir='ltr'><em>que</em></span> <span class='ocrx_word' id='word_1_330' title='bbox 376 1845 413 1870; x_wconf 82' lang='lat' dir='ltr'><em>u.</em></span> <span class='ocrx_word' id='word_1_331' title='bbox 448 1853 495 1859; x_wconf 94' lang='lat'>—</span> <span class='ocrx_word' id='word_1_332' title='bbox 527 1842 548 1862; x_wconf 81' lang='lat' dir='ltr'>v</span> <span class='ocrx_word' id='word_1_333' title='bbox 567 1845 627 1880; x_wconf 73' lang='lat' dir='ltr'><em>eqo</em></span> <span class='ocrx_word' id='word_1_334' title='bbox 651 1836 792 1880; x_wconf 77' lang='lat' dir='ltr'><em>quidem</em></span> <span class='ocrx_word' id='word_1_335' title='bbox 816 1836 873 1870; x_wconf 77' lang='lat' dir='ltr'><em>ibo</em></span> <span class='ocrx_word' id='word_1_336' title='bbox 898 1837 946 1870; x_wconf 86' lang='lat' dir='ltr'><em>ad</em></span> <span class='ocrx_word' id='word_1_337' title='bbox 972 1835 1027 1881; x_wconf 78' lang='lat' dir='ltr'><em>[et‚</em></span> <span class='ocrx_word' id='word_1_338' title='bbox 1053 1847 1126 1871; x_wconf 90' lang='lat' dir='ltr'><em>om.</em></span> <span class='ocrx_word' id='word_1_339' title='bbox 1151 1838 1200 1871; x_wconf 85' lang='lat' dir='ltr'><em>ad</em></span> <span class='ocrx_word' id='word_1_340' title='bbox 1224 1836 1260 1879; x_wconf 80' lang='lat' dir='ltr'><em>R]</em></span> <span class='ocrx_word' id='word_1_341' title='bbox 1281 1837 1464 1881; x_wconf 80' lang='lat' dir='ltr'><em>proelium</em></span> <span class='ocrx_word' id='word_1_342' title='bbox 1488 1837 1594 1881; x_wconf 84' lang='lat' dir='ltr'><em>illud,</em></span> <span class='ocrx_word' id='word_1_343' title='bbox 1627 1840 1701 1871; x_wconf 83' lang='lat' dir='ltr'><em>iam</em></span> <span class='ocrx_word' id='word_1_344' title='bbox 1732 1840 1806 1871; x_wconf 83' lang='lat' dir='ltr'><em>iam</em></span> <span class='ocrx_word' id='word_1_345' title='bbox 1841 1850 1864 1872; x_wconf 88' lang='lat' dir='ltr'><strong><em>a</em></strong></span> <span class='ocrx_word' id='word_1_346' title='bbox 1898 1838 1994 1873; x_wconf 82' lang='lat' dir='ltr'><em>vobis</em></span> 
     </span>
     <span class='ocr_line' id='line_1_27' title="bbox 142 1884 1994 1929; baseline 0.002 -11.886"><span class='ocrx_word' id='word_1_347' title='bbox 142 1899 181 1911; x_wconf 52' lang='grc' dir='ltr'><strong>ἰ</strong></span> <span class='ocrx_word' id='word_1_348' title='bbox 247 1908 250 1912; x_wconf 54' lang='lat'><em>›</em></span> <span class='ocrx_word' id='word_1_349' title='bbox 281 1893 434 1927; x_wconf 69' lang='lat' dir='ltr'><em>royoque</em></span> <span class='ocrx_word' id='word_1_350' title='bbox 457 1884 689 1926; x_wconf 65' lang='grc' dir='ltr'>ΑΒῖαιοιιβ.</span> <span class='ocrx_word' id='word_1_351' title='bbox 714 1902 762 1907; x_wconf 87' lang='lat'><em>—-</em></span> <span class='ocrx_word' id='word_1_352' title='bbox 786 1889 815 1909; x_wconf 77' lang='lat' dir='ltr'>W</span> <span class='ocrx_word' id='word_1_353' title='bbox 841 1884 1000 1918; x_wconf 78' lang='lat' dir='ltr'><em>residuis</em></span> <span class='ocrx_word' id='word_1_354' title='bbox 1024 1885 1056 1927; x_wconf 88' lang='grc' dir='ltr'><em>β.</em></span> <span class='ocrx_word' id='word_1_355' title='bbox 1094 1903 1134 1908; x_wconf 97' lang='grc'><strong>-</strong></span> <span class='ocrx_word' id='word_1_356' title='bbox 1171 1891 1194 1910; x_wconf 87' lang='lat' dir='ltr'>x</span> <span class='ocrx_word' id='word_1_357' title='bbox 1213 1885 1344 1918; x_wconf 75' lang='lat' dir='ltr'><em>voleret</em></span> <span class='ocrx_word' id='word_1_358' title='bbox 1369 1895 1400 1919; x_wconf 85' lang='lat' dir='ltr'><em>G.</em></span> <span class='ocrx_word' id='word_1_359' title='bbox 1436 1903 1480 1908; x_wconf 89' lang='lat'>—</span> <span class='ocrx_word' id='word_1_360' title='bbox 1514 1891 1535 1918; x_wconf 79' lang='lat' dir='ltr'>y</span> <span class='ocrx_word' id='word_1_361' title='bbox 1553 1885 1642 1919; x_wconf 86' lang='lat' dir='ltr'><em>illuc</em></span> <span class='ocrx_word' id='word_1_362' title='bbox 1666 1887 1869 1929; x_wconf 64' lang='grc' dir='ltr'>ΑΒΡσιοβς</span> <span class='ocrx_word' id='word_1_363' title='bbox 1903 1887 1994 1920; x_wconf 87' lang='lat' dir='ltr'><em>illuc</em></span> 
     </span>
     <span class='ocr_line' id='line_1_28' title="bbox 70 1930 1993 1975; baseline 0.001 -9"><span class='ocrx_word' id='word_1_364' title='bbox 70 1944 123 1966; x_wconf 61' lang='lat' dir='ltr'><em>„t</em></span> <span class='ocrx_word' id='word_1_365' title='bbox 159 1955 168 1965; x_wconf 94' lang='lat'><strong>.</strong></span> <span class='ocrx_word' id='word_1_366' title='bbox 192 1939 239 1965; x_wconf 81' lang='lat' dir='ltr'><em>ex</em></span> <span class='ocrx_word' id='word_1_367' title='bbox 261 1930 357 1965; x_wconf 73' lang='lat' dir='ltr'><em>illud</em></span> <span class='ocrx_word' id='word_1_368' title='bbox 380 1940 416 1966; x_wconf 72' lang='grc' dir='ltr'><em>ιι.</em></span> <span class='ocrx_word' id='word_1_369' title='bbox 451 1950 497 1956; x_wconf 91' lang='grc'><strong>-</strong></span> <span class='ocrx_word' id='word_1_370' title='bbox 530 1937 547 1956; x_wconf 78' lang='lat'><em>2</em></span> <span class='ocrx_word' id='word_1_371' title='bbox 566 1930 729 1965; x_wconf 69' lang='lat' dir='ltr'><em>omnibu-³</em></span> <span class='ocrx_word' id='word_1_372' title='bbox 753 1931 845 1974; x_wconf 79' lang='grc' dir='ltr'>εδμ.</span> <span class='ocrx_word' id='word_1_373' title='bbox 878 1949 927 1956; x_wconf 92' lang='lat'><em>—-</em></span> <span class='ocrx_word' id='word_1_374' title='bbox 959 1937 1000 1958; x_wconf 69' lang='lat'><em>8⁸</em></span> <span class='ocrx_word' id='word_1_375' title='bbox 1023 1931 1228 1966; x_wconf 74' lang='lat' dir='ltr'><em>hominibus</em></span> <span class='ocrx_word' id='word_1_376' title='bbox 1252 1936 1324 1975; x_wconf 73' lang='lat' dir='ltr'><em>eqet</em></span> <span class='ocrx_word' id='word_1_377' title='bbox 1348 1933 1409 1966; x_wconf 71' lang='lat' dir='ltr'><em>sed</em></span> <span class='ocrx_word' id='word_1_378' title='bbox 1433 1934 1662 1974; x_wconf 71' lang='lat' dir='ltr'><em>Aurolonss.</em></span> <span class='ocrx_word' id='word_1_379' title='bbox 1689 1953 1733 1958; x_wconf 91' lang='lat'><em>—-</em></span> <span class='ocrx_word' id='word_1_380' title='bbox 1766 1932 1808 1959; x_wconf 79' lang='lat' dir='ltr'><em>bb</em></span> <span class='ocrx_word' id='word_1_381' title='bbox 1833 1944 1993 1968; x_wconf 79' lang='lat' dir='ltr'><em>conscen-</em></span> 
     </span>
     <span class='ocr_line' id='line_1_29' title="bbox 101 1978 1564 2022; baseline 0.001 -10"><span class='ocrx_word' id='word_1_382' title='bbox 101 1992 102 1995; x_wconf 45' lang='lat'>¹</span> <span class='ocrx_word' id='word_1_383' title='bbox 164 1996 170 2005; x_wconf 66' lang='lat'><em>=-</em></span> <span class='ocrx_word' id='word_1_384' title='bbox 230 1978 323 2021; x_wconf 73' lang='grc' dir='ltr'>οιιβ.</span> <span class='ocrx_word' id='word_1_385' title='bbox 348 1997 394 2004; x_wconf 94' lang='grc'><strong>-</strong></span> <span class='ocrx_word' id='word_1_386' title='bbox 418 1982 454 2005; x_wconf 78' lang='lat'><em>0⁰</em></span> <span class='ocrx_word' id='word_1_387' title='bbox 476 1979 697 2022; x_wconf 71' lang='lat' dir='ltr'><em>fuermttque</em></span> <span class='ocrx_word' id='word_1_388' title='bbox 721 1988 793 2013; x_wconf 90' lang='lat' dir='ltr'><em>om.</em></span> <span class='ocrx_word' id='word_1_389' title='bbox 821 1979 1094 2022; x_wconf 71' lang='grc' dir='ltr'>αυεΗκΡδμρ.</span> <span class='ocrx_word' id='word_1_390' title='bbox 1121 1999 1167 2003; x_wconf 94' lang='grc'><strong>-</strong></span> <span class='ocrx_word' id='word_1_391' title='bbox 1193 1978 1236 2006; x_wconf 78' lang='lat' dir='ltr'><em>dd</em></span> <span class='ocrx_word' id='word_1_392' title='bbox 1261 1982 1314 2014; x_wconf 80' lang='lat' dir='ltr'><em>sic</em></span> <span class='ocrx_word' id='word_1_393' title='bbox 1338 1981 1564 2022; x_wconf 69' lang='lat' dir='ltr'><em>Ansemnss.</em></span> 
     </span>
    </p>
   </div>
   <div class='ocr_carea' id='block_1_4' title="bbox 17 2089 1994 3268">
    <p class='ocr_par' dir='ltr' id='par_1_4' title="bbox 92 2089 1994 2260">
     <span class='ocr_line' id='line_1_30' title="bbox 92 2089 1992 2144; baseline 0.002 -15"><span class='ocrx_word' id='word_1_394' title='bbox 92 2096 95 2097; x_wconf 70' lang='grc'>’</span> <span class='ocrx_word' id='word_1_395' title='bbox 131 2089 251 2130; x_wconf 67' lang='lat' dir='ltr'><em>alten</em></span> <span class='ocrx_word' id='word_1_396' title='bbox 277 2090 359 2130; x_wconf 90' lang='lat' dir='ltr'><em>und</em></span> <span class='ocrx_word' id='word_1_397' title='bbox 387 2090 492 2130; x_wconf 86' lang='lat' dir='ltr'><em>wohl</em></span> <span class='ocrx_word' id='word_1_398' title='bbox 520 2103 595 2130; x_wconf 85' lang='lat' dir='ltr'><em>nur</em></span> <span class='ocrx_word' id='word_1_399' title='bbox 623 2091 725 2130; x_wconf 86' lang='lat' dir='ltr'><em>noch</em></span> <span class='ocrx_word' id='word_1_400' title='bbox 755 2091 823 2130; x_wconf 85' lang='lat' dir='ltr'><em>auf</em></span> <span class='ocrx_word' id='word_1_401' title='bbox 847 2091 908 2130; x_wconf 88' lang='lat' dir='ltr'><em>die</em></span> <span class='ocrx_word' id='word_1_402' title='bbox 931 2092 1024 2142; x_wconf 87' lang='lat' dir='ltr'><em>jetzt</em></span> <span class='ocrx_word' id='word_1_403' title='bbox 1059 2091 1217 2142; x_wconf 85' lang='lat' dir='ltr'><em>erfolgte</em></span> <span class='ocrx_word' id='word_1_404' title='bbox 1245 2091 1368 2131; x_wconf 88' lang='lat' dir='ltr'><em>Ordre</em></span> <span class='ocrx_word' id='word_1_405' title='bbox 1396 2092 1464 2131; x_wconf 88' lang='lat' dir='ltr'><em>des</em></span> <span class='ocrx_word' id='word_1_406' title='bbox 1491 2091 1638 2143; x_wconf 66' lang='lat' dir='ltr'><em>Kiinigs</em></span> <span class='ocrx_word' id='word_1_407' title='bbox 1667 2105 1756 2131; x_wconf 90' lang='lat' dir='ltr'><em>zum</em></span> <span class='ocrx_word' id='word_1_408' title='bbox 1785 2093 1992 2144; x_wconf 86' lang='lat' dir='ltr'><em>sofortigen</em></span> 
     </span>
     <span class='ocr_line' id='line_1_31' title="bbox 189 2149 1992 2203; baseline 0.002 -14.861"><span class='ocrx_word' id='word_1_409' title='bbox 189 2149 303 2189; x_wconf 72' lang='lat' dir='ltr'><em>chen</em></span> <span class='ocrx_word' id='word_1_410' title='bbox 329 2154 525 2201; x_wconf 72' lang='lat' dir='ltr'><em>gewartet.</em></span> <span class='ocrx_word' id='word_1_411' title='bbox 556 2173 603 2178; x_wconf 98' lang='lat'><strong>—</strong></span> <span class='ocrx_word' id='word_1_412' title='bbox 638 2151 688 2188; x_wconf 80' lang='lat'><em>24</em></span> <span class='ocrx_word' id='word_1_413' title='bbox 715 2150 758 2189; x_wconf 90' lang='lat' dir='ltr'><em>In</em></span> <span class='ocrx_word' id='word_1_414' title='bbox 788 2163 820 2189; x_wconf 89' lang='lat' dir='ltr'><em>c.</em></span> <span class='ocrx_word' id='word_1_415' title='bbox 841 2150 902 2198; x_wconf 88' lang='grc' dir='ltr'><em>ΙΙΙ,</em></span> <span class='ocrx_word' id='word_1_416' title='bbox 923 2152 947 2190; x_wconf 87' lang='grc'>2</span> <span class='ocrx_word' id='word_1_417' title='bbox 977 2156 1102 2190; x_wconf 88' lang='lat' dir='ltr'><em>neunt</em></span> <span class='ocrx_word' id='word_1_418' title='bbox 1129 2152 1198 2191; x_wconf 91' lang='lat' dir='ltr'><em>Fu.</em></span> <span class='ocrx_word' id='word_1_419' title='bbox 1220 2151 1311 2191; x_wconf 85' lang='lat' dir='ltr'><em>Gott</em></span> <span class='ocrx_word' id='word_1_420' title='bbox 1339 2151 1452 2191; x_wconf 87' lang='lat' dir='ltr'><em>einen</em></span> <span class='ocrx_word' id='word_1_421' title='bbox 1487 2152 1660 2200; x_wconf 86' lang='lat' dir='ltr'><em>„adiutor</em></span> <span class='ocrx_word' id='word_1_422' title='bbox 1693 2152 1921 2203; x_wconf 84' lang='lat' dir='ltr'><em>magnificus</em></span> <span class='ocrx_word' id='word_1_423' title='bbox 1953 2153 1992 2192; x_wconf 90' lang='lat' dir='ltr'><em>in</em></span> 
     </span>
     <span class='ocr_line' id='line_1_32' title="bbox 129 2207 1994 2260; baseline 0.002 -12"><span class='ocrx_word' id='word_1_424' title='bbox 129 2230 133 2241; x_wconf 86' lang='lat'>·</span> <span class='ocrx_word' id='word_1_425' title='bbox 210 2213 250 2250; x_wconf 87' lang='lat' dir='ltr'><em>et</em></span> <span class='ocrx_word' id='word_1_426' title='bbox 274 2207 545 2249; x_wconf 58' lang='lat' dir='ltr'><em>inaestimabili</em></span> <span class='ocrx_word' id='word_1_427' title='bbox 572 2209 838 2258; x_wconf 84' lang='lat' dir='ltr'><em>necessitate“‚</em></span> <span class='ocrx_word' id='word_1_428' title='bbox 868 2209 907 2249; x_wconf 90' lang='lat' dir='ltr'><em>in</em></span> <span class='ocrx_word' id='word_1_429' title='bbox 937 2224 969 2251; x_wconf 86' lang='lat' dir='ltr'><em>c.</em></span> <span class='ocrx_word' id='word_1_430' title='bbox 988 2211 1155 2258; x_wconf 80' lang='lat' dir='ltr'>XXXIII,</span> <span class='ocrx_word' id='word_1_431' title='bbox 1177 2212 1201 2250; x_wconf 91' lang='grc'>2</span> <span class='ocrx_word' id='word_1_432' title='bbox 1230 2212 1310 2250; x_wconf 93' lang='lat' dir='ltr'><em>und</em></span> <span class='ocrx_word' id='word_1_433' title='bbox 1338 2214 1402 2259; x_wconf 84' lang='grc' dir='ltr'><em>ΙΙΙ,</em></span> <span class='ocrx_word' id='word_1_434' title='bbox 1430 2211 1599 2260; x_wconf 85' lang='lat' dir='ltr'>XXXIV,</span> <span class='ocrx_word' id='word_1_435' title='bbox 1620 2213 1644 2250; x_wconf 81' lang='lat'>4</span> <span class='ocrx_word' id='word_1_436' title='bbox 1673 2211 1786 2251; x_wconf 90' lang='lat' dir='ltr'><em>einen</em></span> <span class='ocrx_word' id='word_1_437' title='bbox 1821 2212 1994 2260; x_wconf 87' lang='lat' dir='ltr'><em>„adiutor</em></span> 
     </span>
    </p>

    <p class='ocr_par' dir='ltr' id='par_1_5' title="bbox 24 2266 1992 2322">
     <span class='ocr_line' id='line_1_33' title="bbox 24 2266 1992 2322; baseline 0.002 -15"><span class='ocrx_word' id='word_1_438' title='bbox 24 2279 25 2282; x_wconf 70' lang='grc'>’</span> <span class='ocrx_word' id='word_1_439' title='bbox 144 2266 457 2308; x_wconf 74' lang='lat' dir='ltr'><em>tribulationibus</em></span> <span class='ocrx_word' id='word_1_440' title='bbox 485 2269 676 2308; x_wconf 85' lang='lat' dir='ltr'><em>exsistens</em></span> <span class='ocrx_word' id='word_1_441' title='bbox 704 2269 829 2320; x_wconf 85' lang='lat' dir='ltr'><em>pius“.</em></span> <span class='ocrx_word' id='word_1_442' title='bbox 862 2291 910 2298; x_wconf 93' lang='lat'>—</span> <span class='ocrx_word' id='word_1_443' title='bbox 939 2272 987 2310; x_wconf 80' lang='lat'><em>25</em></span> <span class='ocrx_word' id='word_1_444' title='bbox 1013 2270 1178 2318; x_wconf 83' lang='lat' dir='ltr'><em>hodie,</em></span> <span class='ocrx_word' id='word_1_445' title='bbox 1207 2271 1243 2310; x_wconf 92' lang='lat' dir='ltr'><em>d.</em></span> <span class='ocrx_word' id='word_1_446' title='bbox 1266 2270 1289 2310; x_wconf 92' lang='lat' dir='ltr'><em>i.</em></span> <span class='ocrx_word' id='word_1_447' title='bbox 1319 2284 1383 2310; x_wconf 84' lang='lat' dir='ltr'><em>am</em></span> <span class='ocrx_word' id='word_1_448' title='bbox 1403 2271 1467 2312; x_wconf 89' lang='grc'><em>26.</em></span> <span class='ocrx_word' id='word_1_449' title='bbox 1488 2271 1602 2322; x_wconf 83' lang='lat' dir='ltr'><em>Aug..</em></span> <span class='ocrx_word' id='word_1_450' title='bbox 1631 2272 1735 2310; x_wconf 89' lang='lat' dir='ltr'><em>denn</em></span> <span class='ocrx_word' id='word_1_451' title='bbox 1764 2271 1839 2310; x_wconf 88' lang='lat' dir='ltr'><em>die</em></span> <span class='ocrx_word' id='word_1_452' title='bbox 1867 2284 1992 2311; x_wconf 87' lang='lat' dir='ltr'><em>cras-</em></span> 
     </span>
    </p>

    <p class='ocr_par' dir='ltr' id='par_1_6' title="bbox 87 2324 1992 2379">
     <span class='ocr_line' id='line_1_34' title="bbox 87 2326 1992 2379; baseline 0.002 -12"><span class='ocrx_word' id='word_1_453' title='bbox 87 2338 195 2376; x_wconf 52' lang='lat' dir='ltr'><em>sta,</em></span> <span class='ocrx_word' id='word_1_454' title='bbox 222 2327 260 2368; x_wconf 87' lang='lat' dir='ltr'><em>d.</em></span> <span class='ocrx_word' id='word_1_455' title='bbox 279 2326 306 2368; x_wconf 90' lang='lat' dir='ltr'><em>i.</em></span> <span class='ocrx_word' id='word_1_456' title='bbox 332 2341 398 2368; x_wconf 83' lang='lat' dir='ltr'><em>am</em></span> <span class='ocrx_word' id='word_1_457' title='bbox 426 2329 490 2368; x_wconf 92' lang='grc'><em>27.</em></span> <span class='ocrx_word' id='word_1_458' title='bbox 510 2327 624 2379; x_wconf 67' lang='lat' dir='ltr'><em>Aug,</em></span> <span class='ocrx_word' id='word_1_459' title='bbox 654 2328 745 2367; x_wconf 87' lang='lat' dir='ltr'><em>fand</em></span> <span class='ocrx_word' id='word_1_460' title='bbox 773 2328 834 2367; x_wconf 88' lang='lat' dir='ltr'><em>die</em></span> <span class='ocrx_word' id='word_1_461' title='bbox 862 2328 1045 2369; x_wconf 86' lang='lat' dir='ltr'><em>Schlacht</em></span> <span class='ocrx_word' id='word_1_462' title='bbox 1073 2335 1177 2370; x_wconf 83' lang='lat' dir='ltr'><em>statt.</em></span> <span class='ocrx_word' id='word_1_463' title='bbox 1219 2331 1259 2370; x_wconf 92' lang='lat' dir='ltr'><em>S.</em></span> <span class='ocrx_word' id='word_1_464' title='bbox 1280 2330 1379 2370; x_wconf 83' lang='lat' dir='ltr'><em>auch</em></span> <span class='ocrx_word' id='word_1_465' title='bbox 1400 2343 1446 2370; x_wconf 89' lang='lat' dir='ltr'><em>zu</em></span> <span class='ocrx_word' id='word_1_466' title='bbox 1465 2330 1620 2369; x_wconf 87' lang='lat' dir='ltr'>XXXIII</span> <span class='ocrx_word' id='word_1_467' title='bbox 1641 2344 1667 2369; x_wconf 93' lang='lat' dir='ltr'><em>n</em></span> <span class='ocrx_word' id='word_1_468' title='bbox 1690 2331 1750 2370; x_wconf 92' lang='grc'>11.</span> <span class='ocrx_word' id='word_1_469' title='bbox 1783 2353 1828 2358; x_wconf 94' lang='grc'><strong>-</strong></span> <span class='ocrx_word' id='word_1_470' title='bbox 1859 2333 1907 2370; x_wconf 82' lang='grc'>26</span> <span class='ocrx_word' id='word_1_471' title='bbox 1935 2331 1992 2371; x_wconf 90' lang='lat' dir='ltr'><em>Zu</em></span> 
     </span>
    </p>

    <p class='ocr_par' dir='ltr' id='par_1_7' title="bbox 107 2386 1992 2439">
     <span class='ocr_line' id='line_1_35' title="bbox 107 2386 1992 2439; baseline 0.002 -13"><span class='ocrx_word' id='word_1_472' title='bbox 107 2397 200 2427; x_wconf 82' lang='lat' dir='ltr'><em>une</em></span> <span class='ocrx_word' id='word_1_473' title='bbox 230 2386 592 2438; x_wconf 82' lang='lat' dir='ltr'><em>brevigerulum</em></span> <span class='ocrx_word' id='word_1_474' title='bbox 619 2387 692 2438; x_wconf 89' lang='lat' dir='ltr'><em>vgl.</em></span> <span class='ocrx_word' id='word_1_475' title='bbox 723 2401 755 2428; x_wconf 88' lang='lat' dir='ltr'><em>c.</em></span> <span class='ocrx_word' id='word_1_476' title='bbox 784 2388 884 2436; x_wconf 88' lang='lat' dir='ltr'>XIV,</span> <span class='ocrx_word' id='word_1_477' title='bbox 923 2389 945 2428; x_wconf 93' lang='lat'>7</span> <span class='ocrx_word' id='word_1_478' title='bbox 976 2402 1003 2427; x_wconf 91' lang='lat' dir='ltr'><em>n</em></span> <span class='ocrx_word' id='word_1_479' title='bbox 1035 2389 1096 2430; x_wconf 91' lang='grc'><em>12.</em></span> <span class='ocrx_word' id='word_1_480' title='bbox 1127 2413 1175 2418; x_wconf 89' lang='grc'>-</span> <span class='ocrx_word' id='word_1_481' title='bbox 1205 2392 1251 2429; x_wconf 81' lang='grc'>27</span> <span class='ocrx_word' id='word_1_482' title='bbox 1280 2389 1393 2429; x_wconf 88' lang='lat' dir='ltr'><em>Auch</em></span> <span class='ocrx_word' id='word_1_483' title='bbox 1422 2389 1511 2429; x_wconf 88' lang='lat' dir='ltr'><em>Alb.</em></span> <span class='ocrx_word' id='word_1_484' title='bbox 1540 2390 1604 2439; x_wconf 89' lang='lat' dir='ltr'>IX,</span> <span class='ocrx_word' id='word_1_485' title='bbox 1643 2391 1695 2429; x_wconf 77' lang='lat'><em>49</em></span> <span class='ocrx_word' id='word_1_486' title='bbox 1724 2395 1846 2429; x_wconf 86' lang='lat' dir='ltr'><em>nennt</em></span> <span class='ocrx_word' id='word_1_487' title='bbox 1875 2390 1992 2429; x_wconf 77' lang='lat' dir='ltr'><em>oflen-</em></span> 
     </span>
    </p>

    <p class='ocr_par' dir='ltr' id='par_1_8' title="bbox 79 2445 1990 2499">
     <span class='ocr_line' id='line_1_36' title="bbox 79 2445 1990 2499; baseline 0.002 -14"><span class='ocrx_word' id='word_1_488' title='bbox 79 2486 82 2489; x_wconf 76' lang='grc'><strong>,</strong></span> <span class='ocrx_word' id='word_1_489' title='bbox 125 2463 129 2474; x_wconf 93' lang='grc'>·</span> <span class='ocrx_word' id='word_1_490' title='bbox 173 2445 244 2486; x_wconf 73' lang='lat' dir='ltr'><em>auf</em></span> <span class='ocrx_word' id='word_1_491' title='bbox 265 2446 401 2486; x_wconf 83' lang='lat' dir='ltr'><em>Grund</em></span> <span class='ocrx_word' id='word_1_492' title='bbox 429 2459 591 2486; x_wconf 85' lang='lat' dir='ltr'><em>unserer</em></span> <span class='ocrx_word' id='word_1_493' title='bbox 610 2447 816 2486; x_wconf 84' lang='lat' dir='ltr'><em>Fu.&#39;schen</em></span> <span class='ocrx_word' id='word_1_494' title='bbox 844 2446 1008 2498; x_wconf 79' lang='lat' dir='ltr'><em>Angabe</em></span> <span class='ocrx_word' id='word_1_495' title='bbox 1035 2449 1110 2487; x_wconf 91' lang='lat' dir='ltr'><em>den</em></span> <span class='ocrx_word' id='word_1_496' title='bbox 1139 2449 1234 2499; x_wconf 82' lang='lat' dir='ltr'>Tag,</span> <span class='ocrx_word' id='word_1_497' title='bbox 1263 2462 1314 2488; x_wconf 90' lang='lat' dir='ltr'><em>an</em></span> <span class='ocrx_word' id='word_1_498' title='bbox 1343 2449 1432 2488; x_wconf 89' lang='lat' dir='ltr'><em>dem</em></span> <span class='ocrx_word' id='word_1_499' title='bbox 1461 2449 1522 2488; x_wconf 88' lang='lat' dir='ltr'><em>die</em></span> <span class='ocrx_word' id='word_1_500' title='bbox 1551 2446 1990 2499; x_wconf 80' lang='lat' dir='ltr'><em>Schlacht&#39;vorgesallen</em></span> 
     </span>
    </p>

    <p class='ocr_par' dir='ltr' id='par_1_9' title="bbox 28 2502 1990 2558">
     <span class='ocr_line' id='line_1_37' title="bbox 28 2502 1990 2558; baseline 0.002 -13"><span class='ocrx_word' id='word_1_501' title='bbox 28 2502 29 2508; x_wconf 67' lang='grc'>’</span> <span class='ocrx_word' id='word_1_502' title='bbox 81 2510 91 2548; x_wconf 72' lang='lat' dir='ltr'><em>j</em></span> <span class='ocrx_word' id='word_1_503' title='bbox 165 2504 279 2547; x_wconf 82' lang='lat' dir='ltr'><em>einen</em></span> <span class='ocrx_word' id='word_1_504' title='bbox 307 2505 408 2545; x_wconf 87' lang='lat' dir='ltr'><em>dies</em></span> <span class='ocrx_word' id='word_1_505' title='bbox 448 2505 696 2546; x_wconf 86' lang='lat' dir='ltr'><em>dominica</em></span> <span class='ocrx_word' id='word_1_506' title='bbox 723 2505 794 2545; x_wconf 86' lang='lat' dir='ltr'><em>mit</em></span> <span class='ocrx_word' id='word_1_507' title='bbox 821 2507 910 2546; x_wconf 89' lang='lat' dir='ltr'><em>dem</em></span> <span class='ocrx_word' id='word_1_508' title='bbox 947 2507 1109 2547; x_wconf 85' lang='lat' dir='ltr'><em>Zusatze</em></span> <span class='ocrx_word' id='word_1_509' title='bbox 1145 2520 1267 2558; x_wconf 84' lang='lat' dir='ltr'><em>„quae</em></span> <span class='ocrx_word' id='word_1_510' title='bbox 1300 2513 1358 2547; x_wconf 89' lang='lat' dir='ltr'><em>est</em></span> <span class='ocrx_word' id='word_1_511' title='bbox 1395 2513 1568 2548; x_wconf 82' lang='lat' dir='ltr'><em>extrema</em></span> <span class='ocrx_word' id='word_1_512' title='bbox 1605 2507 1752 2547; x_wconf 87' lang='lat' dir='ltr'><em>mensis</em></span> <span class='ocrx_word' id='word_1_513' title='bbox 1780 2507 1990 2558; x_wconf 76' lang='lat' dir='ltr'><em>Augusti⁴⁴=</em></span> 
     </span>
    </p>

    <p class='ocr_par' dir='ltr' id='par_1_10' title="bbox 32 2563 1992 2618">
     <span class='ocr_line' id='line_1_38' title="bbox 32 2563 1992 2618; baseline 0.001 -14"><span class='ocrx_word' id='word_1_514' title='bbox 32 2615 33 2618; x_wconf 11' lang='grc' dir='ltr'><strong>Ἴ</strong></span> <span class='ocrx_word' id='word_1_515' title='bbox 92 2563 355 2605; x_wconf 79' lang='lat' dir='ltr'><em>&#39;&#39;ueZweifel</em></span> <span class='ocrx_word' id='word_1_516' title='bbox 382 2564 462 2605; x_wconf 89' lang='lat' dir='ltr'><em>will</em></span> <span class='ocrx_word' id='word_1_517' title='bbox 490 2578 532 2605; x_wconf 90' lang='lat' dir='ltr'><em>er</em></span> <span class='ocrx_word' id='word_1_518' title='bbox 560 2565 682 2604; x_wconf 89' lang='lat' dir='ltr'><em>damit</em></span> <span class='ocrx_word' id='word_1_519' title='bbox 709 2566 967 2614; x_wconf 73' lang='lat' dir='ltr'><em>ausdrucken,</em></span> <span class='ocrx_word' id='word_1_520' title='bbox 997 2567 1065 2606; x_wconf 90' lang='lat' dir='ltr'><em>der</em></span> <span class='ocrx_word' id='word_1_521' title='bbox 1099 2567 1203 2615; x_wconf 85' lang='lat' dir='ltr'><em>,dies</em></span> <span class='ocrx_word' id='word_1_522' title='bbox 1222 2566 1447 2607; x_wconf 82' lang='lat' dir='ltr'><em>Dominica“</em></span> <span class='ocrx_word' id='word_1_523' title='bbox 1473 2567 1527 2606; x_wconf 87' lang='lat' dir='ltr'><em>sei</em></span> <span class='ocrx_word' id='word_1_524' title='bbox 1547 2566 1656 2606; x_wconf 90' lang='lat' dir='ltr'><em>nicht</em></span> <span class='ocrx_word' id='word_1_525' title='bbox 1675 2567 1744 2606; x_wconf 85' lang='lat' dir='ltr'><em>aus</em></span> <span class='ocrx_word' id='word_1_526' title='bbox 1758 2568 1833 2606; x_wconf 88' lang='lat' dir='ltr'><em>den</em></span> <span class='ocrx_word' id='word_1_527' title='bbox 1852 2567 1992 2607; x_wconf 87' lang='lat' dir='ltr'><em>letzten</em></span> 
     </span>
    </p>

    <p class='ocr_par' dir='ltr' id='par_1_11' title="bbox 35 2622 1989 2677">
     <span class='ocr_line' id='line_1_39' title="bbox 35 2622 1989 2677; baseline 0.002 -14"><span class='ocrx_word' id='word_1_528' title='bbox 35 2639 37 2642; x_wconf 95' lang='lat'>·</span> <span class='ocrx_word' id='word_1_529' title='bbox 112 2632 163 2675; x_wconf 64' lang='grc' dir='ltr'><em>ας</em></span> <span class='ocrx_word' id='word_1_530' title='bbox 186 2622 241 2663; x_wconf 90' lang='lat' dir='ltr'><em>im</em></span> <span class='ocrx_word' id='word_1_531' title='bbox 268 2624 402 2664; x_wconf 84' lang='lat' dir='ltr'><em>Monat</em></span> <span class='ocrx_word' id='word_1_532' title='bbox 428 2624 580 2675; x_wconf 87' lang='lat' dir='ltr'><em>August</em></span> <span class='ocrx_word' id='word_1_533' title='bbox 598 2624 773 2676; x_wconf 82' lang='lat' dir='ltr'><em>gesallen,</em></span> <span class='ocrx_word' id='word_1_534' title='bbox 803 2626 972 2664; x_wconf 89' lang='lat' dir='ltr'><em>sondern</em></span> <span class='ocrx_word' id='word_1_535' title='bbox 993 2626 1061 2665; x_wconf 89' lang='lat' dir='ltr'><em>der</em></span> <span class='ocrx_word' id='word_1_536' title='bbox 1079 2626 1256 2677; x_wconf 82' lang='lat' dir='ltr'><em>Sonntag</em></span> <span class='ocrx_word' id='word_1_537' title='bbox 1284 2626 1339 2666; x_wconf 89' lang='lat' dir='ltr'><em>sei</em></span> <span class='ocrx_word' id='word_1_538' title='bbox 1358 2627 1426 2666; x_wconf 89' lang='lat' dir='ltr'><em>der</em></span> <span class='ocrx_word' id='word_1_539' title='bbox 1442 2626 1554 2666; x_wconf 88' lang='lat' dir='ltr'><em>letzte</em></span> <span class='ocrx_word' id='word_1_540' title='bbox 1574 2626 1749 2677; x_wconf 81' lang='lat' dir='ltr'><em>Sonntag</em></span> <span class='ocrx_word' id='word_1_541' title='bbox 1777 2626 1816 2665; x_wconf 92' lang='lat' dir='ltr'><em>in</em></span> <span class='ocrx_word' id='word_1_542' title='bbox 1846 2626 1926 2666; x_wconf 89' lang='lat' dir='ltr'><em>dies</em></span> <span class='ocrx_word' id='word_1_543' title='bbox 1928 2640 1989 2666; x_wconf 89' lang='lat' dir='ltr'><em>em</em></span> 
     </span>
    </p>

    <p class='ocr_par' dir='ltr' id='par_1_12' title="bbox 36 2683 1990 2735">
     <span class='ocr_line' id='line_1_40' title="bbox 36 2683 1990 2735; baseline 0.002 -14"><span class='ocrx_word' id='word_1_544' title='bbox 36 2686 37 2693; x_wconf 60' lang='lat'>¹</span> <span class='ocrx_word' id='word_1_545' title='bbox 91 2724 93 2726; x_wconf 63' lang='grc'><strong>,</strong></span> <span class='ocrx_word' id='word_1_546' title='bbox 128 2700 133 2714; x_wconf 90' lang='lat'>·</span> <span class='ocrx_word' id='word_1_547' title='bbox 179 2686 210 2721; x_wconf 83' lang='lat' dir='ltr'><em>t</em></span> <span class='ocrx_word' id='word_1_548' title='bbox 241 2695 419 2733; x_wconf 74' lang='lat' dir='ltr'><em>gewesen</em></span> <span class='ocrx_word' id='word_1_549' title='bbox 451 2704 497 2710; x_wconf 93' lang='lat'>—</span> <span class='ocrx_word' id='word_1_550' title='bbox 528 2696 570 2722; x_wconf 89' lang='lat' dir='ltr'><em>es</em></span> <span class='ocrx_word' id='word_1_551' title='bbox 598 2696 680 2723; x_wconf 86' lang='lat' dir='ltr'><em>war</em></span> <span class='ocrx_word' id='word_1_552' title='bbox 708 2684 776 2722; x_wconf 84' lang='lat' dir='ltr'><em>der</em></span> <span class='ocrx_word' id='word_1_553' title='bbox 804 2685 868 2724; x_wconf 88' lang='grc'><em>27.</em></span> <span class='ocrx_word' id='word_1_554' title='bbox 897 2683 1059 2735; x_wconf 87' lang='lat' dir='ltr'><em>August.</em></span> <span class='ocrx_word' id='word_1_555' title='bbox 1115 2685 1181 2724; x_wconf 85' lang='lat' dir='ltr'><em>Ich</em></span> <span class='ocrx_word' id='word_1_556' title='bbox 1215 2685 1317 2725; x_wconf 85' lang='lat' dir='ltr'><em>habe</em></span> <span class='ocrx_word' id='word_1_557' title='bbox 1350 2685 1578 2734; x_wconf 79' lang='lat' dir='ltr'><em>irrtiimlich,</em></span> <span class='ocrx_word' id='word_1_558' title='bbox 1616 2686 1768 2724; x_wconf 80' lang='lat' dir='ltr'><em>worauf</em></span> <span class='ocrx_word' id='word_1_559' title='bbox 1795 2685 1914 2724; x_wconf 86' lang='lat' dir='ltr'><em>Wollf</em></span> <span class='ocrx_word' id='word_1_560' title='bbox 1938 2687 1990 2725; x_wconf 82' lang='lat'><em>35</em></span> 
     </span>
    </p>

    <p class='ocr_par' dir='ltr' id='par_1_13' title="bbox 35 2738 1990 2796">
     <span class='ocr_line' id='line_1_41' title="bbox 35 2738 1990 2796; baseline 0.002 -16"><span class='ocrx_word' id='word_1_561' title='bbox 35 2789 38 2796; x_wconf 70' lang='lat'>,</span> <span class='ocrx_word' id='word_1_562' title='bbox 107 2738 151 2780; x_wconf 82' lang='lat' dir='ltr'><em>t</em></span> <span class='ocrx_word' id='word_1_563' title='bbox 177 2740 299 2781; x_wconf 82' lang='lat' dir='ltr'><em>Recht</em></span> <span class='ocrx_word' id='word_1_564' title='bbox 325 2741 588 2793; x_wconf 82' lang='lat' dir='ltr'><em>hingewiesen</em></span> <span class='ocrx_word' id='word_1_565' title='bbox 618 2743 696 2788; x_wconf 84' lang='lat' dir='ltr'><em>hat,</em></span> <span class='ocrx_word' id='word_1_566' title='bbox 727 2742 766 2782; x_wconf 88' lang='lat' dir='ltr'><em>in</em></span> <span class='ocrx_word' id='word_1_567' title='bbox 795 2743 865 2782; x_wconf 85' lang='lat' dir='ltr'><em>HE</em></span> <span class='ocrx_word' id='word_1_568' title='bbox 894 2744 972 2783; x_wconf 84' lang='grc'>285</span> <span class='ocrx_word' id='word_1_569' title='bbox 1001 2745 1076 2784; x_wconf 91' lang='lat' dir='ltr'><em>den</em></span> <span class='ocrx_word' id='word_1_570' title='bbox 1096 2744 1261 2784; x_wconf 82' lang='lat' dir='ltr'><em>Worten</em></span> <span class='ocrx_word' id='word_1_571' title='bbox 1288 2745 1391 2784; x_wconf 89' lang='lat' dir='ltr'><em>Alb.</em></span> <span class='ocrx_word' id='word_1_572' title='bbox 1383 2759 1414 2784; x_wconf 93' lang='lat' dir='ltr'><em>s</em></span> <span class='ocrx_word' id='word_1_573' title='bbox 1442 2750 1586 2784; x_wconf 88' lang='lat' dir='ltr'><em>erstere</em></span> <span class='ocrx_word' id='word_1_574' title='bbox 1611 2745 1791 2795; x_wconf 83' lang='lat' dir='ltr'><em>Deutung</em></span> <span class='ocrx_word' id='word_1_575' title='bbox 1818 2745 1990 2795; x_wconf 87' lang='lat' dir='ltr'><em>gegeben</em></span> 
     </span>
    </p>

    <p class='ocr_par' dir='ltr' id='par_1_14' title="bbox 33 2799 1991 2853">
     <span class='ocr_line' id='line_1_42' title="bbox 33 2799 1991 2853; baseline 0.002 -14"><span class='ocrx_word' id='word_1_576' title='bbox 33 2824 36 2839; x_wconf 36' lang='lat' dir='ltr'><em>*s</em></span> <span class='ocrx_word' id='word_1_577' title='bbox 119 2799 161 2839; x_wconf 87' lang='lat' dir='ltr'><em>d</em></span> <span class='ocrx_word' id='word_1_578' title='bbox 195 2805 340 2840; x_wconf 75' lang='lat' dir='ltr'><em>anstatt</em></span> <span class='ocrx_word' id='word_1_579' title='bbox 365 2801 434 2840; x_wconf 60' lang='lat' dir='ltr'><em>dos</em></span> <span class='ocrx_word' id='word_1_580' title='bbox 462 2802 525 2841; x_wconf 91' lang='grc'><em>27.</em></span> <span class='ocrx_word' id='word_1_581' title='bbox 554 2801 667 2852; x_wconf 86' lang='lat' dir='ltr'><em>Aug.</em></span> <span class='ocrx_word' id='word_1_582' title='bbox 670 2815 689 2841; x_wconf 93' lang='lat' dir='ltr'><em>s</em></span> <span class='ocrx_word' id='word_1_583' title='bbox 717 2802 792 2841; x_wconf 87' lang='lat' dir='ltr'><em>deu</em></span> <span class='ocrx_word' id='word_1_584' title='bbox 821 2803 885 2841; x_wconf 90' lang='grc'>31.</span> <span class='ocrx_word' id='word_1_585' title='bbox 915 2815 1214 2853; x_wconf 82' lang='lat' dir='ltr'><em>angenommen.</em></span> <span class='ocrx_word' id='word_1_586' title='bbox 1271 2804 1310 2844; x_wconf 91' lang='lat' dir='ltr'><em>S.</em></span> <span class='ocrx_word' id='word_1_587' title='bbox 1341 2805 1440 2843; x_wconf 84' lang='lat' dir='ltr'><em>auch</em></span> <span class='ocrx_word' id='word_1_588' title='bbox 1470 2817 1502 2843; x_wconf 86' lang='lat' dir='ltr'><em>c.</em></span> <span class='ocrx_word' id='word_1_589' title='bbox 1531 2803 1686 2843; x_wconf 88' lang='lat' dir='ltr'>XXXIII</span> <span class='ocrx_word' id='word_1_590' title='bbox 1715 2817 1738 2842; x_wconf 90' lang='lat' dir='ltr'><em>n</em></span> <span class='ocrx_word' id='word_1_591' title='bbox 1775 2805 1833 2843; x_wconf 93' lang='grc'>11.</span> <span class='ocrx_word' id='word_1_592' title='bbox 1866 2826 1913 2831; x_wconf 96' lang='grc'>-</span> <span class='ocrx_word' id='word_1_593' title='bbox 1943 2806 1991 2843; x_wconf 85' lang='grc'>28</span> 
     </span>
    </p>

    <p class='ocr_par' dir='ltr' id='par_1_15' title="bbox 33 2854 1989 2913">
     <span class='ocr_line' id='line_1_43' title="bbox 33 2854 1989 2913; baseline 0.003 -15"><span class='ocrx_word' id='word_1_594' title='bbox 33 2855 34 2858; x_wconf 50' lang='lat'>&#39;</span> <span class='ocrx_word' id='word_1_595' title='bbox 86 2854 187 2900; x_wconf 75' lang='lat' dir='ltr'><em>neb</em></span> <span class='ocrx_word' id='word_1_596' title='bbox 217 2859 252 2899; x_wconf 92' lang='lat'><em>1.</em></span> <span class='ocrx_word' id='word_1_597' title='bbox 280 2859 370 2900; x_wconf 87' lang='lat' dir='ltr'><strong>Kor.</strong></span> <span class='ocrx_word' id='word_1_598' title='bbox 403 2861 462 2908; x_wconf 84' lang='grc'><em>16,</em></span> <span class='ocrx_word' id='word_1_599' title='bbox 493 2861 554 2900; x_wconf 90' lang='lat'><em>13.</em></span> <span class='ocrx_word' id='word_1_600' title='bbox 586 2861 647 2900; x_wconf 77' lang='lat'><em>14.</em></span> <span class='ocrx_word' id='word_1_601' title='bbox 679 2882 726 2888; x_wconf 90' lang='lat'><em>———</em></span> <span class='ocrx_word' id='word_1_602' title='bbox 755 2863 803 2899; x_wconf 79' lang='lat'><em>29</em></span> <span class='ocrx_word' id='word_1_603' title='bbox 831 2861 913 2912; x_wconf 79' lang='lat' dir='ltr'><em>Vgl.</em></span> <span class='ocrx_word' id='word_1_604' title='bbox 951 2861 1012 2901; x_wconf 91' lang='lat' dir='ltr'><em>die</em></span> <span class='ocrx_word' id='word_1_605' title='bbox 1048 2862 1242 2903; x_wconf 86' lang='lat' dir='ltr'><em>namliche</em></span> <span class='ocrx_word' id='word_1_606' title='bbox 1281 2863 1527 2913; x_wconf 81' lang='lat' dir='ltr'><em>Benennung</em></span> <span class='ocrx_word' id='word_1_607' title='bbox 1567 2863 1801 2902; x_wconf 79' lang='lat' dir='ltr'><em>Jerusalems</em></span> <span class='ocrx_word' id='word_1_608' title='bbox 1831 2863 1870 2901; x_wconf 84' lang='lat' dir='ltr'><em>in</em></span> <span class='ocrx_word' id='word_1_609' title='bbox 1898 2866 1926 2911; x_wconf 92' lang='lat' dir='ltr'><em>l,</em></span> <span class='ocrx_word' id='word_1_610' title='bbox 1956 2876 1989 2903; x_wconf 88' lang='lat' dir='ltr'><em>c.</em></span> 
     </span>
    </p>

    <p class='ocr_par' dir='ltr' id='par_1_16' title="bbox 36 2917 1989 2973">
     <span class='ocr_line' id='line_1_44' title="bbox 88 2918 1989 2973; baseline 0.001 -13.947"><span class='ocrx_word' id='word_1_611' title='bbox 88 2919 134 2959; x_wconf 67' lang='grc' dir='ltr'><em>.θῖ</em></span> <span class='ocrx_word' id='word_1_612' title='bbox 162 2944 196 2966; x_wconf 83' lang='lat'><em>‚</em></span> <span class='ocrx_word' id='word_1_613' title='bbox 227 2918 267 2966; x_wconf 78' lang='lat'><em>13</em></span> <span class='ocrx_word' id='word_1_614' title='bbox 305 2918 438 2967; x_wconf 90' lang='lat' dir='ltr'>XXXI,</span> <span class='ocrx_word' id='word_1_615' title='bbox 470 2920 531 2959; x_wconf 89' lang='grc'>12.</span> <span class='ocrx_word' id='word_1_616' title='bbox 565 2941 609 2946; x_wconf 87' lang='grc'>-</span> <span class='ocrx_word' id='word_1_617' title='bbox 641 2922 693 2959; x_wconf 78' lang='grc'><em>30</em></span> <span class='ocrx_word' id='word_1_618' title='bbox 721 2921 832 2967; x_wconf 74' lang='lat'><strong>§112</strong></span> <span class='ocrx_word' id='word_1_619' title='bbox 875 2923 953 2959; x_wconf 87' lang='lat'><em>150</em></span> <span class='ocrx_word' id='word_1_620' title='bbox 980 2922 1112 2960; x_wconf 82' lang='lat' dir='ltr'><em>Reiter</em></span> <span class='ocrx_word' id='word_1_621' title='bbox 1139 2924 1222 2961; x_wconf 86' lang='lat' dir='ltr'><em>und</em></span> <span class='ocrx_word' id='word_1_622' title='bbox 1254 2923 1489 2973; x_wconf 65' lang='lat' dir='ltr'><em>Fussqdnqer</em></span> <span class='ocrx_word' id='word_1_623' title='bbox 1522 2922 1677 2960; x_wconf 78' lang='lat' dir='ltr'><em>macheu</em></span> <span class='ocrx_word' id='word_1_624' title='bbox 1710 2923 1788 2961; x_wconf 78' lang='lat' dir='ltr'><em>sich</em></span> <span class='ocrx_word' id='word_1_625' title='bbox 1817 2923 1895 2970; x_wconf 86' lang='lat' dir='ltr'><em>auf</em></span> <span class='ocrx_word' id='word_1_626' title='bbox 1915 2924 1989 2962; x_wconf 83' lang='lat' dir='ltr'><em>den</em></span> 
     </span>
    </p>

    <p class='ocr_par' dir='ltr' id='par_1_17' title="bbox 17 2975 1988 3030">
     <span class='ocr_line' id='line_1_45' title="bbox 17 2975 1988 3030; baseline 0.001 -12"><span class='ocrx_word' id='word_1_627' title='bbox 17 2990 19 2993; x_wconf 58' lang='lat'><em>⁴</em></span> <span class='ocrx_word' id='word_1_628' title='bbox 37 2984 39 2990; x_wconf 78' lang='grc'>’</span> <span class='ocrx_word' id='word_1_629' title='bbox 87 2975 90 3018; x_wconf 53' lang='grc' dir='ltr'>ᾗ</span> <span class='ocrx_word' id='word_1_630' title='bbox 107 2979 179 3026; x_wconf 70' lang='lat' dir='ltr'><em>&#39;&#39;oy</em></span> <span class='ocrx_word' id='word_1_631' title='bbox 194 2978 277 3016; x_wconf 79' lang='lat' dir='ltr'><em>und</em></span> <span class='ocrx_word' id='word_1_632' title='bbox 291 2979 474 3030; x_wconf 76' lang='lat' dir='ltr'><em>qelanqen</em></span> <span class='ocrx_word' id='word_1_633' title='bbox 493 2980 550 3018; x_wconf 82' lang='lat' dir='ltr'><em>bei</em></span> <span class='ocrx_word' id='word_1_634' title='bbox 574 2979 863 3030; x_wconf 63' lang='lat' dir='ltr'><em>&#39;Iayesanhomh</em></span> <span class='ocrx_word' id='word_1_635' title='bbox 882 2981 980 3019; x_wconf 81' lang='lat' dir='ltr'><em>nach</em></span> <span class='ocrx_word' id='word_1_636' title='bbox 998 2981 1152 3020; x_wconf 85' lang='lat' dir='ltr'><em>Ramla.</em></span> <span class='ocrx_word' id='word_1_637' title='bbox 1173 3003 1222 3009; x_wconf 93' lang='lat'><strong>—</strong></span> <span class='ocrx_word' id='word_1_638' title='bbox 1238 2981 1324 3020; x_wconf 88' lang='lat' dir='ltr'><em>Wir</em></span> <span class='ocrx_word' id='word_1_639' title='bbox 1343 2981 1474 3020; x_wconf 88' lang='lat' dir='ltr'><em>halten</em></span> <span class='ocrx_word' id='word_1_640' title='bbox 1495 2981 1556 3019; x_wconf 90' lang='lat' dir='ltr'><em>die</em></span> <span class='ocrx_word' id='word_1_641' title='bbox 1575 2981 1709 3020; x_wconf 87' lang='lat' dir='ltr'><em>Lesart</em></span> <span class='ocrx_word' id='word_1_642' title='bbox 1737 2982 1805 3020; x_wconf 85' lang='lat' dir='ltr'><em>der</em></span> <span class='ocrx_word' id='word_1_643' title='bbox 1838 2982 1869 3021; x_wconf 94' lang='lat'><em>1.</em></span> <span class='ocrx_word' id='word_1_644' title='bbox 1894 2981 1988 3021; x_wconf 86' lang='lat' dir='ltr'><em>Red.</em></span> 
     </span>
    </p>

    <p class='ocr_par' dir='ltr' id='par_1_18' title="bbox 94 3037 1989 3148">
     <span class='ocr_line' id='line_1_46' title="bbox 94 3037 1989 3090; baseline 0.002 -15"><span class='ocrx_word' id='word_1_645' title='bbox 94 3037 414 3076; x_wconf 85' lang='lat' dir='ltr'><em>nseendunt</em></span> <span class='ocrx_word' id='word_1_646' title='bbox 441 3037 487 3076; x_wconf 93' lang='lat' dir='ltr'><em>in</em></span> <span class='ocrx_word' id='word_1_647' title='bbox 515 3050 662 3088; x_wconf 88' lang='lat' dir='ltr'><em>equos</em></span> <span class='ocrx_word' id='word_1_648' title='bbox 697 3038 987 3089; x_wconf 84' lang='lat' dir='ltr'><em>fueruntque</em></span> <span class='ocrx_word' id='word_1_649' title='bbox 1023 3039 1163 3079; x_wconf 91' lang='lat' dir='ltr'><em>simul</em></span> <span class='ocrx_word' id='word_1_650' title='bbox 1190 3040 1258 3079; x_wconf 91' lang='lat' dir='ltr'><em>CL</em></span> <span class='ocrx_word' id='word_1_651' title='bbox 1288 3041 1349 3079; x_wconf 76' lang='lat' dir='ltr'><em>fiir</em></span> <span class='ocrx_word' id='word_1_652' title='bbox 1376 3039 1437 3079; x_wconf 88' lang='lat' dir='ltr'><em>die</em></span> <span class='ocrx_word' id='word_1_653' title='bbox 1466 3039 1624 3090; x_wconf 86' lang='lat' dir='ltr'><em>richtige</em></span> <span class='ocrx_word' id='word_1_654' title='bbox 1656 3040 1876 3090; x_wconf 77' lang='lat' dir='ltr'><em>gegeniiber</em></span> <span class='ocrx_word' id='word_1_655' title='bbox 1905 3041 1989 3079; x_wconf 88' lang='lat' dir='ltr'><em>der-</em></span> 
     </span>
     <span class='ocr_line' id='line_1_47' title="bbox 192 3095 1987 3148; baseline 0.002 -14.031"><span class='ocrx_word' id='word_1_656' title='bbox 192 3107 231 3133; x_wconf 90' lang='lat' dir='ltr'><em>·n</em></span> <span class='ocrx_word' id='word_1_657' title='bbox 260 3095 328 3134; x_wconf 89' lang='lat' dir='ltr'><em>der</em></span> <span class='ocrx_word' id='word_1_658' title='bbox 355 3097 393 3136; x_wconf 97' lang='grc'><em>2.</em></span> <span class='ocrx_word' id='word_1_659' title='bbox 407 3096 503 3136; x_wconf 87' lang='lat' dir='ltr'><em>Red.</em></span> <span class='ocrx_word' id='word_1_660' title='bbox 533 3098 866 3136; x_wconf 87' lang='lat' dir='ltr'><em>conscendunt</em></span> <span class='ocrx_word' id='word_1_661' title='bbox 894 3096 940 3136; x_wconf 88' lang='lat' dir='ltr'><em>in</em></span> <span class='ocrx_word' id='word_1_662' title='bbox 968 3110 1111 3148; x_wconf 88' lang='lat' dir='ltr'><em>equos</em></span> <span class='ocrx_word' id='word_1_663' title='bbox 1140 3098 1201 3138; x_wconf 87' lang='lat' dir='ltr'><em>CL</em></span> <span class='ocrx_word' id='word_1_664' title='bbox 1230 3099 1394 3138; x_wconf 91' lang='lat' dir='ltr'><em>simul:</em></span> <span class='ocrx_word' id='word_1_665' title='bbox 1424 3099 1527 3138; x_wconf 88' lang='lat' dir='ltr'><em>denn</em></span> <span class='ocrx_word' id='word_1_666' title='bbox 1557 3099 1633 3137; x_wconf 71' lang='lat' dir='ltr'><em>dafi</em></span> <span class='ocrx_word' id='word_1_667' title='bbox 1661 3098 1733 3138; x_wconf 86' lang='lat' dir='ltr'><em>alle</em></span> <span class='ocrx_word' id='word_1_668' title='bbox 1766 3100 1840 3138; x_wconf 76' lang='lat'><em>150</em></span> <span class='ocrx_word' id='word_1_669' title='bbox 1868 3100 1987 3139; x_wconf 85' lang='lat' dir='ltr'><em>Mann</em></span> 
     </span>
    </p>

    <p class='ocr_par' dir='ltr' id='par_1_19' title="bbox 178 3153 1986 3209">
     <span class='ocr_line' id='line_1_48' title="bbox 178 3153 1986 3209; baseline 0.003 -17.057"><span class='ocrx_word' id='word_1_670' title='bbox 178 3165 218 3192; x_wconf 73' lang='lat' dir='ltr'><em>ne</em></span> <span class='ocrx_word' id='word_1_671' title='bbox 243 3153 439 3205; x_wconf 58' lang='lat' dir='ltr'><em>bestiegen</em></span> <span class='ocrx_word' id='word_1_672' title='bbox 467 3155 594 3196; x_wconf 79' lang='lat' dir='ltr'><em>haben</em></span> <span class='ocrx_word' id='word_1_673' title='bbox 623 3155 774 3203; x_wconf 85' lang='lat' dir='ltr'><em>sollten,</em></span> <span class='ocrx_word' id='word_1_674' title='bbox 816 3155 866 3195; x_wconf 90' lang='lat' dir='ltr'><em>ist</em></span> <span class='ocrx_word' id='word_1_675' title='bbox 893 3156 1019 3196; x_wconf 90' lang='lat' dir='ltr'><em>sicher</em></span> <span class='ocrx_word' id='word_1_676' title='bbox 1047 3157 1252 3209; x_wconf 87' lang='lat' dir='ltr'><em>unrichtig.</em></span> <span class='ocrx_word' id='word_1_677' title='bbox 1309 3158 1378 3196; x_wconf 86' lang='lat' dir='ltr'><em>Mit</em></span> <span class='ocrx_word' id='word_1_678' title='bbox 1406 3157 1530 3196; x_wconf 85' lang='lat' dir='ltr'><em>Recht</em></span> <span class='ocrx_word' id='word_1_679' title='bbox 1558 3157 1692 3196; x_wconf 72' lang='lat' dir='ltr'><em>miifite</em></span> <span class='ocrx_word' id='word_1_680' title='bbox 1720 3171 1812 3197; x_wconf 88' lang='lat' dir='ltr'><em>man</em></span> <span class='ocrx_word' id='word_1_681' title='bbox 1842 3159 1986 3209; x_wconf 83' lang='lat' dir='ltr'><em>sragen,</em></span> 
     </span>
    </p>

    <p class='ocr_par' dir='ltr' id='par_1_20' title="bbox 121 3208 1988 3268">
     <span class='ocr_line' id='line_1_49' title="bbox 121 3208 1988 3268; baseline 0.003 -18.039"><span class='ocrx_word' id='word_1_682' title='bbox 121 3208 156 3249; x_wconf 82' lang='lat' dir='ltr'><em>&#39;e</em></span> <span class='ocrx_word' id='word_1_683' title='bbox 181 3211 329 3252; x_wconf 85' lang='lat' dir='ltr'><em>kommt</em></span> <span class='ocrx_word' id='word_1_684' title='bbox 356 3213 442 3253; x_wconf 87' lang='lat' dir='ltr'><em>eine</em></span> <span class='ocrx_word' id='word_1_685' title='bbox 470 3227 514 3253; x_wconf 90' lang='lat' dir='ltr'><em>so</em></span> <span class='ocrx_word' id='word_1_686' title='bbox 541 3215 660 3264; x_wconf 67' lang='lat' dir='ltr'><em>grosse</em></span> <span class='ocrx_word' id='word_1_687' title='bbox 687 3215 782 3254; x_wconf 78' lang='lat' dir='ltr'><em>Zahl</em></span> <span class='ocrx_word' id='word_1_688' title='bbox 811 3215 947 3255; x_wconf 76' lang='lat' dir='ltr'><em>Pserde</em></span> <span class='ocrx_word' id='word_1_689' title='bbox 980 3216 1079 3255; x_wconf 83' lang='lat' dir='ltr'><em>nach</em></span> <span class='ocrx_word' id='word_1_690' title='bbox 1109 3217 1333 3264; x_wconf 85' lang='lat' dir='ltr'><em>Jerusalem,</em></span> <span class='ocrx_word' id='word_1_691' title='bbox 1373 3216 1434 3255; x_wconf 89' lang='lat' dir='ltr'><em>die</em></span> <span class='ocrx_word' id='word_1_692' title='bbox 1461 3217 1558 3256; x_wconf 75' lang='lat' dir='ltr'><em>auch</em></span> <span class='ocrx_word' id='word_1_693' title='bbox 1585 3217 1679 3267; x_wconf 88' lang='lat' dir='ltr'><em>jetzt</em></span> <span class='ocrx_word' id='word_1_694' title='bbox 1707 3218 1781 3256; x_wconf 89' lang='lat' dir='ltr'><em>den</em></span> <span class='ocrx_word' id='word_1_695' title='bbox 1812 3218 1988 3268; x_wconf 64' lang='lat' dir='ltr'><em>Fubgiin-</em></span> 
     </span>
    </p>
   </div>
   <div class='ocr_carea' id='block_1_5' title="bbox 58 3329 146 3438">
    <p class='ocr_par' dir='ltr' id='par_1_21' title="bbox 58 3304 146 3438">
     <span class='ocr_line' id='line_1_50' title="bbox 58 3329 146 3438; baseline 0 -107"><span class='ocrx_word' id='word_1_696' title='bbox 58 3329 146 3438; x_wconf 45' lang='lat' dir='ltr'><em>k.</em></span> 
     </span>
    </p>
   </div>
  </div>
 </body>
</html>
